1768 3283
361 271 450 328 496
869 276 1198 306 Annona-mnas,

363 364 413 406 ab
436 361 638 407 Arrianis,
659 358 697 399 in
717 369 865 398 vocum
882 355 1134 397 substantia>
1149 362 1191 395 et
1208 354 1591 397 consubstantialis
1609 356 1707 398 abo-

361 434 549 477 litionem
573 440 847 472 consensere:
866 425 988 480 cujus
1004 424 1174 480 quidem
1195 424 1545 480 praevaricationis
1561 439 1708 467 eorum

363 503 434 559 qui
459 499 672 543 memoriae
702 496 980 555 prodiderunt
1007 508 1071 536 res
1094 493 1289 535 Ecclesiae
1312 508 1436 534 nemo
1461 509 1546 535 non
1566 495 1711 536 memi-

364 573 439 614 nit.
464 572 587 612 Certe
607 569 692 625 jam
717 566 895 608 vidimus
922 564 1024 621 quid
1042 572 1211 605 sanctus
1238 563 1398 606 Doctor
1423 564 1563 606 de'illa
1582 564 1711 621 scrip-

365 642 464 685 serit
486 642 526 682 in
547 640 648 682 Luc.
680 637 755 680 lib.
789 650 830 684 v,
858 650 975 678 num.
1011 649 1059 691 7¹
1087 649 1096 676 :
1124 635 1175 676 de
1193 649 1274 690 qua
1296 635 1423 676 etiam
1439 635 1629 678 dicturus
1649 643 1712 678 est

366 711 472 754 infra
496 710 568 752 lib.
598 723 672 757 ιιι,
710 715 751 748 et
776 705 873 747 alibi
900 705 1090 762 pluribus
1125 704 1242 747 locis.
1283 703 1437 747 Secuta
1458 712 1521 747 est
1542 704 1712 746 demum

364 796 460 823 vera
480 777 710 825 correctio,
733 790 858 833 quam
879 774 1126 817 Ambrosius
1143 774 1377 816 secundum
1395 782 1529 816 vocat.
1553 772 1713 831 synodi

364 867 494 911 porro
540 863 719 907 quarum
773 847 842 889 hic
884 845 1121 888 testimonia
1168 844 1430 893 indicantur,
1472 859 1531 886 eae
1580 853 1677 887 sunt
1701 877 1713 894 ,

365 920 670 967 Alexandrina,
696 917 764 960 cui
788 916 953 974 praefuit
981 915 1232 958 Athanasius
1263 930 1358 957 ann.
1399 914 1498 957 562.
1530 914 1716 956 Parisina

366 1006 491 1048 eopse
516 1004 624 1030 anno
653 995 821 1035 coacta,
847 985 968 1042 cujus
989 985 1199 1042 Synodica
1230 984 1404 1042 epistola
1438 984 1547 1026 inter
1569 983 1716 1026 Hilarii

365 1059 598 1116 fragmenta
641 1065 775 1104 extat3
808 1056 997 1098 Romana
1034 1054 1214 1111 denique
1251 1055 1393 1097 habita
1429 1055 1507 1096 suh
1549 1054 1717 1097 Damasi

366 1130 614 1189 pontificatu
644 1144 737 1172 ann.
771 1128 878 1185 569,
918 1141 1020 1184 quas
1051 1141 1198 1169 omnes
1228 1125 1343 1168 adire
1374 1140 1511 1184 operae
1535 1126 1718 1184 pretinm

367 1217 466 1245 sane
487 1200 628 1244 fuerit.

763 1384 1005 1414 Annona-10
1041 1369 1102 1427 (9)
1139 1383 1234 1428 pag.
1273 1369 1342 1412 51.
1394 1401 1410 1405 -

429 1542 562 1588 LXX.
600 1543 878 1601 Interpretes,
916 1547 1000 1590 τοὺς
1035 1545 1151 1590 λίθους
1188 1548 1252 1590 τῆς
1282 1544 1536 1594 πληρώσεως...
1558 1546 1613 1583 καὶ
1644 1546 1722 1590 τὰίς

372 1619 557 1664 συνθεισες.
591 1613 747 1655 Textus
777 1612 906 1654 Hebr.
930 1612 1095 1670 lapides
1111 1611 1460 1669 plenitudinum.
1497 1611 1721 1654 Chaldiaca

371 1683 565 1740 paraphr.
601 1684 767 1741 lapides
790 1684 849 1724 ad
876 1684 1122 1738 implendas
1151 1683 1380 1726 celaturas.
1422 1683 1549 1735 Quod
1582 1691 1722 1725 autem

373 1753 515 1795 subdit
545 1754 819 1802 Ambrosius,
854 1754 1019 1810 lapides
1045 1754 1293 1809 compositi,
1328 1768 1421 1810 quae
1452 1753 1579 1796 verba
1615 1753 1724 1795 rese-

371 1823 499 1864 renda
536 1831 633 1865 sunt
681 1824 731 1865 ad
768 1828 833 1870 τὰς
852 1825 1045 1872 συνθεσειςς
1081 1839 1128 1866 ea
1151 1823 1256 1866 nihil
1284 1823 1440 1866 habent
1473 1823 1514 1865 in
1544 1823 1723 1865 Hebraeo

374 1901 444 1935 aut
465 1893 726 1936 versionibus
751 1894 840 1936 aliis
853 1895 966 1950 quod
978 1893 1056 1936 sibi
1073 1895 1350 1952 respondeatt
1370 1893 1478 1936 sicut
1505 1908 1582 1936 nec
1610 1894 1725 1951 lapi-

373 1963 443 2006 des
466 1964 756 2023 supplementi
771 1964 813 2007 in
831 1964 1020 2022 Vulgata.

752 2151 994 2180 ΑΝΝοΤΑΤιο
1032 2137 1120 2195 (ιο)
1154 2153 1245 2196 pag.
1282 2138 1352 2181 63.

432 2301 578 2344 Arrius
600 2300 777 2358 ejusque
803 2310 1029 2344 sectatores
1051 2318 1148 2344 cum
1166 2303 1403 2345 libertatem
1427 2302 1546 2346 aliter
1563 2303 1724 2361 eripere

376 2371 543 2413 Christo
567 2386 651 2413 non
673 2381 867 2429 possent,
891 2388 940 2414 eo
964 2373 1219 2416 devenerant
1242 2373 1486 2432 impietatis,
1512 2382 1556 2416 ut
1579 2375 1629 2416 ab
1655 2375 1724 2416 illo

375 2458 458 2484 non
478 2443 682 2490 animam,
705 2444 778 2485 sed
800 2444 928 2485 solam
943 2459 1110 2486 carnem
1123 2454 1379 2502 assumptam
1400 2446 1719 2487 contenderent.

378 2514 515 2557 Testis
545 2522 607 2556 est
643 2514 770 2571 hujus
807 2515 865 2557 rei
903 2514 1154 2557 Athanasius
1178 2516 1228 2557 de
1250 2516 1379 2558 Salui.
1407 2515 1600 2558 Adventu
1621 2515 1719 2558 Chr.

353 2591 471 2642 pag,
496 2584 596 2627 655.
619 2585 898 2643 Epiphanius,
928 2585 1052 2629 Hoer.
1079 2586 1159 2642 69,
1193 2601 1307 2628 num.
1340 2590 1407 2643 49.
1441 2585 1723 2644 Augustinus,
