1806 3256
389 302 445 346 56
929 316 960 342 s.
1001 315 1193 343 Aninuosu

386 393 519 437 nobiS.
544 393 586 436 Si
607 393 685 436 hoc
706 408 787 435 non
807 400 994 434 meretur
1011 393 1229 449 operibus,
1251 393 1282 435 si
1302 394 1517 437 beneficiis
1536 411 1619 439 uon
1649 412 1735 440 me·
1792 409 1795 425 ³

384 474 526 512 retur,
554 463 774 506 abdicetur
801 479 883 504 suae
902 462 994 518 jure
1015 472 1172 504 naturae
1190 495 1200 511 ‚
1227 465 1431 506 subdatur
1458 475 1599 508 nostro
1621 467 1734 523 judi·
1792 514 1795 521 ,

384 534 462 576 cio.
506 534 587 585 Qui
607 533 867 588 judicaturus
898 534 948 573 de
979 532 1099 573 nobis
1126 541 1210 580 est,
1250 548 1331 574 non
1358 536 1607 591 dedignatur
1630 537 1736 594 judi·
1792 580 1796 593 ὦ

382 605 490 651 cari;
532 613 577 645 ut
610 602 863 659 justificetur
896 603 937 644 in
973 604 1234 645 sermonibus
1261 605 1366 654 suis,
1403 615 1444 647 et
1473 607 1609 649 vincat
1637 624 1734 652 cum
1794 614 1797 653 ἶ·

383 672 640 729 jutlicalur¹.
907 663 909 665 ¹
1794 721 1797 731 ι

440 742 560 784 XXI.
598 741 773 783 lliccine
790 757 888 798 ergo
904 756 987 783 non
1006 742 1145 784 bonus
1160 775 1170 791 ,
1198 743 1268 799 qui
1287 744 1394 785 bona
1416 745 1562 789 tribuit
1583 748 1686 790 mihi
1700 748 1738 791 ²?
1794 741 1797 793 l

378 811 555 855 Hiccine
579 827 661 853 non
686 812 848 859 bonus,
881 811 950 868 qui
975 827 1071 853 cum
1099 823 1292 855 sexcenta
1324 815 1450 857 millia
1482 817 1624 873 populi
1656 818 1736 860 Ju-
1794 826 1797 834 '

379 886 565 927 dzeorum
587 883 925 939 persecutoribus
943 883 1025 923 suis
1045 884 1260 930 cederent,
1287 885 1575 927 dehiscentem
1595 888 1735 929 subito
1795 891 1798 927 ;

377 956 509 998 Rubri
543 954 667 996 maris
688 962 835 995 aestum
865 953 1079 995 individua
1114 969 1319 1009 aquarum
1347 957 1457 996 mole
1489 955 1665 1006 divisit⁸3
1692 967 1737 1001 ut
1796 953 1799 993 ἶ

379 1025 525 1067 fideles
554 1024 809 1066 circumfusa
839 1024 949 1064 unda
977 1023 1183 1073 muniret,
1220 1024 1370 1067 infidos
1402 1026 1539 1068 refusa
1571 1029 1737 1070 demer-
1796 1014 1800 1062 i

382 1095 530 1154 geret?

437 1165 577 1209 XXII.
622 1164 796 1207 Hiccine
824 1179 908 1206 non
942 1165 1100 1214 bonus,
1139 1166 1260 1222 cujus
1292 1166 1467 1224 imperio
1491 1167 1619 1210 maria
1645 1168 1737 1211 soli·
1796 1179 1799 1186 ⁴

379 1236 473 1278 data
507 1235 784 1292 fugientibus,
818 1250 913 1277 saxa
954 1235 1196 1278 humefacta
1228 1237 1512 1286 sitientibus⁶;
1549 1247 1596 1280 ut
1633 1254 1739 1296 opus

379 1307 467 1349 veri
487 1315 786 1364 agnosceretur
805 1307 991 1359 auctoris
1011 1339 1022 1355 ,
1046 1322 1143 1349 cum
1169 1308 1323 1349 humor
1340 1309 1593 1365 rigesceret,
1621 1320 1740 1368 petra

379 1377 634 1420 inundaret?
662 1378 789 1429 Quod
817 1385 862 1418 ut
887 1392 1134 1434 agnosceres
1167 1393 1276 1434 opus
1310 1378 1486 1429 Christi,
1516 1379 1739 1437 Apostolus

380 1447 483 1489 dixit
510 1448 682 1490 :«Petra
706 1456 846 1490 autem
870 1456 960 1489 erat
988 1447 1220 1490 Cliristus⁵.
1240 1467 1255 1487 ι»

441 1517 602 1561 XXllI.
640 1519 814 1560 Hiccine
840 1533 922 1560 non
951 1517 1112 1566 bonus,
1138 1519 1209 1575 qui
1235 1528 1317 1561 tam
1347 1519 1565 1562 innumera
1596 1521 1740 1580 populi

382 1588 511 1630 millia
527 1621 537 1636 ,
558 1603 610 1629 ne
627 1604 710 1646 qua
730 1588 958 1630 incesseret
982 1588 1127 1635 fames,
1150 1588 1190 1629 in
1217 1590 1383 1630 deserto
1406 1589 1517 1647 pavit
1534 1605 1640 1647 pane
1662 1606 1742 1633 coe-

385 1658 515 1706 lesli⁶,
541 1659 629 1700 sine
653 1674 728 1700 usu
751 1659 905 1700 laboris
921 1691 931 1707 ,
950 1673 1047 1700 curn
1077 1658 1216 1700 sructu
1245 1659 1417 1715 quietis3
1441 1660 1493 1701 ita
1524 1669 1568 1702 ut
1591 1676 1740 1704 eorum

384 1744 460 1786 per
476 1729 907 1788 quadraginlassannos
931 1744 1008 1771 ne:
1032 1730 1280 1770 vestimenta
1301 1738 1636 1781 veterascerent,
1663 1747 1740 1775 uec

381 1801 668 1842 calceamenta
689 1799 970 1848 tererentur⁷‚
995 1800 1125 1841 instar
1144 1799 1339 1841 fidelibus
1363 1800 1512 1843 suturae
1535 1818 1744 1845 resurrec·
1798 1798 1802 1807 ¹

383 1869 506 1912 tionis
525 1871 750 1914 ostendens
764 1904 774 1920 ,
794 1871 909 1927 quod
933 1886 1009 1912 nec
1029 1870 1236 1912 sactorum
1259 1871 1388 1913 decor
1405 1873 1738 1928 splendidorum,
1798 1870 1802 1879 ⁴

386 1957 466 1984 nec
500 1941 764 1984 circumfusae
803 1941 965 1983 virtutis
1001 1941 1137 1989 nitor,
1172 1956 1250 1983 nec
1282 1942 1374 1984 vitae
1406 1957 1553 1985 cursus
1588 1943 1743 2001 periret
1798 1947 1802 1958 ’

389 2011 617 2055 humente?

445 2083 601 2127 XXIV.
641 2083 815 2125 lliccine
835 2098 918 2125 non
935 2083 1071 2124 bonus
1085 2115 1094 2130 ,
1118 2082 1188 2140 qui
1207 2083 1326 2126 nobis
1345 2084 1498 2125 coelum
1517 2082 1616 2126 fecit
1636 2099 1740 2134 csse,
1799 2080 1803 2109 ²

389 2155 503 2211 quod
524 2162 635 2195 terra
657 2162 742 2201 est3
764 2162 809 2195 ut
826 2153 934 2196 sicut
952 2154 991 2195 in
1012 2155 1134 2202 coelo,
1157 2154 1273 2210 quasi
1291 2154 1332 2196 in
1350 2155 1523 2211 speculo
1541 2155 1739 2211 quodam,

385 2226 604 2266 stellarum
629 2224 863 2266 lucentium
886 2224 1142 2279 rel'ulggcrent
1167 2224 1304 2281 globi3
1331 2224 1386 2267 ita
1409 2225 1535 2266 etiam
1560 2225 1745 2282 Aposto-
1799 2247 1803 2259 ι

383 2297 520 2337 lorum
544 2303 585 2336 et
608 2295 838 2351 Martyrum
855 2303 896 2336 ct
914 2295 1207 2343 sacerdotum,
1232 2296 1321 2337 vice
1345 2296 1558 2338 stellarum
1577 2296 1743 2354 fulgen·
1798 2335 1802 2354 z

388 2365 495 2406 tium
517 2397 525 2411 .
551 2373 638 2406 ιοῑο
657 2364 951 2406 illucescerent
968 2364 1085 2406 chori
1110 2365 1300 2407 mundo?

447 2433 584 2476 XXV.
623 2434 733 2490 Ergo
765 2449 848 2476 non
881 2435 1016 2476 solum
1050 2436 1213 2486 bonus,
1249 2436 1321 2477 sed
1353 2436 1479 2478 etium
1503 2445 1646 2495 pastor
1667 2438 1743 2480 bo·
1799 2441 1803 2450 ¹

383 2519 487 2552 nus,
518 2505 599 2547 hoc
631 2513 720 2554 est,
757 2519 840 2547 non
876 2505 954 2547 sibi
989 2514 1180 2556 tantum,
1216 2508 1289 2550 sed
1324 2508 1451 2550 etiam
1486 2509 1634 2553 ovibus
1658 2509 1744 2553 suis
1798 2531 1802 2568 g

433 2613 444 2631 ¹
462 2607 539 2639 Psal-
558 2619 588 2643 1..
602 2608 684 2640 6.—
701 2617 713 2632 ·
735 2608 816 2640 Psal.
833 2619 894 2646 χιι,
907 2608 937 2640 6.
953 2627 992 2633 --
1023 2610 1034 2631 ³
1060 2610 1169 2642 Exod.
1187 2621 1254 2649 xlv,
1270 2611 1358 2651 6-27.
1378 2629 1418 2636 -
1447 2613 1460 2638 ⁴
1489 2611 1540 2645 Id.
1557 2623 1636 2652 xvu,
1652 2613 1684 2647 6.
1703 2631 1743 2639 -

384 2664 397 2684 ⁸
416 2673 425 2693 ι
447 2661 572 2700 Cor.x,
588 2661 618 2700 ζι-
633 2679 668 2687 -
689 2663 703 2682 ⁶
719 2662 822 2695 Exod.
844 2673 911 2704 xvi,
935 2664 1029 2701 15,et
1044 2674 1132 2707 seqq.
1162 2681 1202 2691 -
1225 2670 1237 2694 7
1258 2665 1354 2699 Dent,
1375 2676 1442 2701 viu,
1461 2665 1490 2703 4.
