1768 3283
686 319 823 349 rnnssx.
1348 307 1370 348 5
1381 306 1433 348 25

87 395 198 428 Cum·
213 396 294 429 xli.
310 389 358 428 Ex
368 406 405 428 eo
416 395 502 439 quod
513 395 545 428 in
558 394 719 429 Trinitate
736 395 923 428 Divinitatis
935 394 1051 433 lucem,
1062 405 1158 436 quam
1172 395 1202 426 in
1219 395 1350 427 Christo

129 455 193 482 tres
216 450 359 492 Apostoli
382 450 616 490 adoraverunt,
644 449 744 482 inesse
763 449 879 482 Paulus
901 448 1141 491 significaverit,
1174 450 1352 482 adorandus

132 503 225 535 etiam
243 503 381 545 Spiritus
395 503 586 536 declaratur.
606 503 798 535 Ostenditur
817 513 854 535 ex
872 503 946 544 ipsis
958 502 1062 533 verbis
1074 501 1231 543 Spiritum
1247 502 1352 543 desig-

131 563 240 590 natum
256 557 296 589 ab
311 558 477 600 Apostolo.
496 557 649 599 Ejusdem
663 557 803 600 Spiritus
820 556 978 589 Divinitas
992 556 1066 588 inde
1079 555 1246 598 probatur,
1265 556 1350 598 quod

131 612 285 655 templum
307 612 442 651 habeat,
461 612 493 644 in
510 623 574 655 quo
595 622 660 644 non
674 617 708 644 ut
723 611 868 644 sacerdos
880 611 1002 643 habitet
1014 635 1022 646 ,
1039 610 1094 642 sed
1111 616 1143 642 ut
1165 611 1252 642 Deus
1273 623 1279 642 :
1296 621 1352 642 nec

132 676 196 698 non
214 676 284 697 cum
304 666 398 698 Patre
414 676 450 697 ac
463 665 546 697 Filio
559 665 733 703 adoretur;
751 664 836 697 unde
857 664 889 696 in
916 664 1026 696 iisdem
1041 669 1162 696 naturae
1177 663 1283 697 unitas
1300 664 1352 695 in-

131 720 297 761 telligitur.
1375 718 1438 756 415

90 773 199 804 Cim
215 773 320 806 XIII.
346 773 583 815 objicientibus
599 774 783 806 Catholicos
794 796 803 812 ‚
820 773 895 804 dum
914 771 1050 815 Spiritui
1069 772 1247 805 attribuunt
1263 772 1353 803 Divi·

133 827 267 859 nitatem
277 850 286 866 ,
304 832 367 858 tres
380 827 456 859 deos
467 826 638 866 inducere,
655 832 863 868 retorquetur
876 826 916 857 ab
930 826 1004 867 ipsis
1017 825 1058 857 ob
1068 826 1212 857 eamdem
1228 836 1353 857 causam

134 880 238 912 induci
253 881 330 913 duos
347 881 434 920 deos,
447 881 725 913 nisiDivinitatem
737 880 820 912 Filio
829 878 1025 921 negaverint.
1034 878 1160 911 Deinde
1172 879 1350 912 orthodoxa

132 933 276 966 doctrina
293 934 478 976 exponitur.
1149 943 1152 946 ⁴
1378 932 1440 969 415

92 987 199 1020 CArur
223 988 320 1019 XIV.
338 989 458 1021 Praeter
474 990 636 1032 superiora
660 988 841 1022 testimonia
856 1011 865 1027 ‚
892 988 969 1020 alios
987 988 1073 1020 locos
1095 987 1133 1019 ad
1157 985 1359 1029 probandum

135 1042 232 1074 trium
254 1052 459 1084 personarum
483 1044 654 1086 imperium
670 1043 777 1075 afferri
795 1053 894 1085 posse.
918 1043 1108 1074 Afferuniur
1129 1041 1192 1072 duo
1209 1051 1247 1073 ex
1263 1040 1358 1083 Epis·-

135 1094 208 1126 tolis
224 1095 264 1127 ad
274 1095 572 1129 Thessalonicenses
589 1102 620 1129 et
638 1097 749 1129 iisdem
763 1095 899 1139 Spiritui
917 1096 1119 1128 dominatum
1135 1096 1215 1128 sicut
1236 1101 1267 1128 et
1289 1095 1359 1126 aliis

136 1150 278 1191 personis
291 1151 451 1192 arrogari,
472 1151 608 1182 aliorum
625 1151 800 1193 Scripturae
816 1154 958 1183 textuum
975 1150 1145 1182 collatione
1162 1149 1357 1183 ostenditur.

135 1202 274 1235 Demum
287 1203 386 1235 citato
402 1203 464 1235 alio
477 1214 513 1235 ex
526 1204 624 1236 altera
641 1203 681 1235 ad
697 1203 882 1235 Corinthios
898 1203 1001 1235 adhuc
1014 1204 1212 1247 expressiore
1228 1204 1297 1234 loco
1310 1226 1317 1241 ‚
1330 1208 1362 1234 et

138 1255 313 1288 Dominum
328 1256 484 1299 Spiritum
499 1267 582 1295 esse,
595 1263 628 1290 et,
642 1257 695 1289 ubi
707 1257 925 1296 sitDominus‚
941 1257 1097 1300 Spiritum
1111 1267 1176 1289 esse
1188 1256 1359 1298 colligitur.
1383 1254 1445 1294 416

94 1308 207 1340 Clitor
222 1310 296 1342 XV.
312 1311 379 1343 Etsi
397 1311 537 1354 Spiritus
552 1311 709 1343 Dominus
726 1312 913 1354 appelletur,
930 1317 994 1343 tres
1010 1317 1116 1343 tamen
1130 1310 1275 1342 dominos
1288 1310 1363 1341 hinc

138 1374 201 1394 non
219 1363 344 1401 induci;
359 1376 431 1397 cum
441 1376 477 1396 ex
493 1376 531 1397 eo
547 1366 631 1408 quod
645 1365 746 1398 Filius
759 1377 822 1397 non
836 1376 924 1398 secus
939 1376 975 1398 ac
992 1366 1087 1397 Pater
1100 1365 1132 1396 in
1146 1365 1240 1396 variis
1253 1364 1360 1406 Scrip-

137 1423 216 1449 turae
231 1418 307 1450 locis
323 1419 480 1451 Dominus
497 1420 676 1462 appellatur
689 1443 698 1459 ‚
716 1430 779 1451 non
803 1420 999 1452 inducantur
1014 1420 1078 1452 duo
1097 1419 1217 1451 domini
1234 1432 1241 1450 ι
1261 1419 1363 1450 domi-

139 1471 304 1504 nationem
319 1472 403 1504 enim
431 1473 462 1504 in
490 1473 667 1505 Divinitate
684 1484 750 1506 esse
763 1496 773 1512 ‚
791 1474 871 1506 etin
888 1473 1107 1506 dominatione
1123 1473 1337 1505 Divinitatem
1355 1497 1363 1509 ,

139 1536 210 1567 quac
227 1526 329 1558 tribus
343 1529 487 1570 personis
501 1528 662 1560 indivisim
676 1535 864 1571 congruant.
1385 1527 1448 1566 420

97 1579 205 1610 Cnrur
223 1580 319 1612 XVI.
348 1581 476 1613 Patrem
493 1588 636 1615 sanctum
650 1593 728 1619 esse,
746 1593 783 1615 ac
795 1582 941 1615 similiter
960 1582 1076 1614 Filium
1091 1586 1123 1614 et
1139 1581 1308 1624 Spiritum,
1322 1587 1364 1613 at-

141 1643 203 1674 que
219 1633 293 1665 hinc
308 1634 437 1675 trisagio
455 1635 567 1666 eodem
582 1635 734 1667 celebrari
751 1647 759 1667 ι
777 1647 836 1668 nec
847 1646 962 1678 possea
973 1635 1066 1667 nobis
1083 1636 1186 1666 Deum
1199 1634 1364 1676 praedicari

140 1686 276 1728 dignius,
297 1699 392 1731 quam
408 1689 433 1720 si
449 1689 594 1722 eumdem
609 1695 753 1723 sanctum
768 1690 929 1725 dicamus:
942 1690 1028 1722 unde
1041 1690 1161 1721 clarum
1176 1689 1211 1721 fit
1225 1689 1362 1732 Spiritui

142 1747 251 1775 sancto
268 1754 334 1774 non
348 1743 576 1785 derogandum.
591 1744 706 1776 Eidem
722 1744 823 1776 inesse
839 1744 945 1776 omnia
966 1754 1038 1785 quae
1057 1743 1116 1775 Dei
1134 1749 1207 1776 sunt
1221 1766 1231 1783 ‚
1248 1754 1318 1775 cum
1337 1744 1368 1774 in

141 1795 332 1838 baptismate
349 1808 410 1829 una
433 1807 505 1829 cum
527 1798 624 1830 Patre
643 1802 676 1830 et
698 1797 782 1829 Filio
803 1796 999 1833 nominetur,
1023 1798 1116 1839 eique
1131 1798 1229 1830 Pater
1243 1797 1367 1829 dederit

143 1849 229 1892 quod
247 1852 348 1892 majus
363 1851 512 1883 omnibus
528 1857 590 1888 est.
605 1862 664 1884 nec
684 1851 850 1894 quisquam
866 1850 927 1893 ipsi
942 1850 1046 1883 valeat
1063 1851 1198 1894 eripere.
1224 1850 1328 1892 Igitur
1352 1861 1370 1882 e

141 1903 212 1936 loco
232 1904 366 1936 Joannis
380 1904 464 1936 unde
481 1906 673 1937 calumniam
689 1904 871 1938 conflabant
888 1904 1040 1940 haeretici,
1057 1904 1225 1937 Trinitatis
1241 1905 1369 1947 aequali-

144 1964 242 1992 tatem
260 1958 481 2001 unitatemque
496 1961 594 1992 astrui
617 1959 764 1993 Deitatis.
784 1959 930 1992 Tandem
954 1959 1008 1991 ubi
1032 1959 1213 2002 expositum
1234 1964 1280 1991 est
1306 1969 1369 2001 quo

143 2019 237 2056 pacto
252 2012 350 2045 Filius
373 2024 390 2045 a
408 2013 505 2046 Patre
518 2013 676 2057 accipiat,
699 2013 970 2058 quemadmodum
985 2013 1084 2047 citato
1101 2013 1170 2046 loco
1184 2013 1368 2056 jugulentur

146 2066 224 2097 varii
238 2066 379 2098 haeretici
395 2089 404 2105 ‚
419 2066 574 2109 aperitur.
1392 2067 1453 2105 422

102 2121 220 2153 CAPUT
237 2120 351 2153 XVII.
371 2120 435 2152 Ubi
453 2121 493 2153 ad
510 2122 752 2164 intelligentiam
771 2123 944 2155 verborum
965 2122 1095 2155 Domini
1109 2122 1191 2161 loca,
1206 2122 1237 2154 in
1254 2122 1369 2165 quibus

147 2173 243 2206 verba
253 2173 304 2206 illa
324 2174 406 2206 dicta
423 2174 560 2213 suerint,
573 2177 685 2219 juvare
695 2177 848 2219 exemplis
870 2177 1009 2210 ostendit
1032 2176 1237 2215 Ambrosius,
1255 2176 1365 2208 Chris-

148 2232 216 2259 tum
235 2228 428 2260 sententiam
437 2239 474 2260 ex
483 2229 609 2261 Joanne
626 2231 754 2263 citatam
771 2231 910 2263 locutum
922 2241 987 2263 esse
1000 2232 1032 2262 in
1048 2231 1173 2273 porticu
1187 2229 1375 2264 Salomonis.

148 2292 206 2323 per
217 2292 312 2324 quam
328 2283 478 2326 sapientis
497 2284 600 2316 anima
617 2284 824 2327 significatur,
842 2285 953 2321 docet;
969 2296 1041 2317 eum
1058 2285 1145 2317 enim
1155 2285 1222 2317 haec
1233 2284 1265 2315 in
1277 2284 1372 2316 corde

150 2335 238 2368 stulti
251 2342 305 2369 aut
317 2337 494 2371 turbulenti
505 2344 598 2381 negat
613 2339 707 2372 fuisse
719 2340 931 2383 prolaturum,
946 2346 975 2372 et
986 2339 1204 2382 quamobrem.
1221 2339 1318 2372 Addit
1329 2338 1370 2370 ab

155 2388 192 2421 iis
207 2389 259 2432 qui
275 2389 444 2423 fidemnon
454 2392 594 2426 habeant
607 2393 718 2425 iisdem
733 2393 1025 2430 verbis.Christum
1036 2394 1170 2437 lapidari
1189 2405 1197 2424 ε
1216 2399 1249 2426 et
1261 2403 1370 2435 quem-

154 2440 324 2475 admodum
342 2443 452 2483 Petro,
464 2446 551 2488 quod
565 2446 618 2479 illa
632 2447 673 2480 sit
687 2446 859 2486 confessus,
869 2447 973 2480 claves
987 2448 1060 2480 coeli
1070 2447 1153 2479 datae
1169 2446 1316 2484 suerunt3
1330 2445 1375 2478 ita

153 2497 357 2534 Iscariotem,
367 2498 454 2540 quod
471 2499 539 2532 haec
554 2499 621 2542 ipsa
633 2511 697 2532 non
711 2500 894 2538 crediderit,
910 2501 992 2533 male
1004 2501 1143 2544 periisse.
1155 2501 1217 2532 Per
1228 2500 1310 2532 hanc
1321 2508 1376 2530 oc-

153 2550 311 2582 casionem
324 2551 355 2583 in
372 2551 501 2584 Judaeos
512 2577 522 2588 ,
539 2553 593 2596 qui
610 2554 669 2587 Dei
693 2555 811 2586 Filium
826 2561 992 2593 emerunt,
1009 2565 1044 2587 ac
1057 2554 1269 2587 vendiderunt
1284 2553 1375 2583 Jose-

154 2602 275 2647 phum,
299 2605 474 2640 invehitur.
507 2606 643 2650 Mystice
666 2609 831 2651 utriusque
852 2608 953 2651 pretia
973 2608 1138 2646 edisserit3
1159 2618 1195 2640 ac
1211 2615 1374 2639 murmure
