1768 3283
386 348 442 400 84
900 356 931 384 s·
972 355 1162 385 AMssnosn

352 436 577 491 Quomodo
600 443 739 477 autem
769 432 966 475 invisibili
987 430 1304 474 similitudinem
1327 429 1561 472 secundum
1581 429 1696 471 colo-

352 522 442 549 rem
471 513 659 563 aptamus
679 511 749 545 aut
776 501 984 544 sormam?
1010 502 1094 544 Aut
1116 502 1328 557 quomodo
1350 509 1540 542 creatura
1563 506 1698 557 potest

351 591 442 619 esse
467 573 611 617 similis
640 571 858 615 increato?
885 572 1112 623 Quomodo
1133 571 1331 628 splendor
1352 570 1514 627 gloriae,
1534 578 1577 611 et
1599 571 1698 611 cha-

350 655 489 689 racter
506 642 746 687 substantiae
768 642 879 699 ejus¹
897 658 909 692 ;
934 643 968 686 si
989 643 1151 686 diversa
1175 642 1305 700 gloria
1324 673 1335 691 ,
1368 650 1416 684 ut
1437 640 1498 683 illi
1520 641 1666 683 dicunt
1684 671 1695 689 ,

348 717 508 760 diversa
531 713 764 757 substantia
788 721 865 756 est.

409 785 518 829 CIX.
548 784 792 827 Secundum
812 783 1011 841 gloriam,
1039 783 1260 840 inquiunt,
1284 790 1326 824 et
1348 781 1634 839 operationem
1650 779 1701 823 si-

348 856 459 900 milis
480 863 566 904 est,
591 862 633 897 et
649 862 874 912 propterea
897 854 1035 912 imago
1061 854 1138 897 Dei
1163 852 1319 896 dicitur
1346 852 1490 896 Filius.
1529 852 1638 908 Ergo
1668 851 1701 893 si

347 943 422 985 per
440 927 576 983 aliqua
591 957 602 974 ‚
628 940 712 967 non
734 940 809 983 per
830 925 973 967 omnia
995 925 1140 967 similis
1158 957 1169 973 ,
1193 939 1270 982 pro
1292 932 1411 982 parte
1433 923 1578 966 similis
1595 955 1606 972 ,
1626 937 1702 980 pro

347 1004 466 1054 parte
483 995 708 1038 dissimilis.
731 995 839 1036 Huic
865 1003 1004 1037 autem
1028 995 1310 1052 propositioni
1331 1009 1594 1051 consequens
1613 1002 1701 1042 est,

348 1074 396 1108 ut
418 1065 451 1107 si
472 1080 522 1107 ex
543 1073 662 1122 parte
691 1064 837 1106 similis
860 1097 869 1113 ,
894 1079 984 1107 non
1007 1064 1048 1107 in
1074 1073 1162 1107 toto
1189 1073 1279 1114 est,
1308 1080 1385 1122 pro
1419 1073 1536 1122 parte
1557 1064 1608 1106 sit
1627 1064 1704 1107 Dei

349 1137 488 1193 imago
513 1134 747 1192 composita
769 1149 777 1176 :
802 1150 850 1177 ac
870 1150 946 1192 per
970 1135 1050 1178 hoc
1071 1135 1277 1192 sequitur,
1298 1144 1344 1177 ut
1361 1143 1401 1177 et
1420 1136 1507 1193 ipse
1528 1149 1707 1192 compo·

348 1207 451 1249 situs
462 1206 669 1254 videatur,
683 1204 804 1262 cujus
822 1205 875 1247 sit
892 1206 1030 1262 imago
1046 1207 1291 1264 composita.
1310 1206 1551 1264 Composita
1567 1213 1705 1247 autem

349 1277 382 1319 si
405 1291 457 1318 ex
480 1283 598 1333 parte
617 1274 937 1318 similitudinem
958 1284 1117 1326 servet,
1152 1276 1289 1334 imago
1310 1275 1402 1334 ejus
1433 1291 1485 1319 ex
1508 1284 1627 1334 parte
1648 1275 1703 1317 si-

351 1345 462 1388 milis
483 1359 574 1387 esse
595 1359 681 1386 non
698 1344 841 1401 possit.

406 1414 497 1457 CX.
536 1413 618 1456 Sed
639 1413 711 1471 qui
733 1413 912 1457 similem
941 1417 1179 1458 secundum
1208 1415 1415 1458 unitatem
1443 1423 1604 1457 naturae
1638 1428 1707 1456 ne-

350 1492 449 1543 gant
470 1517 480 1533 ,
508 1483 688 1526 similem
710 1484 874 1526 caeteris
904 1485 1181 1528 arbitrantur.
1218 1485 1366 1528 Solent
1387 1483 1500 1527 enim
1524 1484 1664 1527 dicere
1692 1499 1702 1525 ε

351 1556 438 1597 Cur
459 1554 613 1612 putatis
635 1554 731 1610 quia
753 1555 937 1597 multum
955 1555 1070 1598 dedit
1087 1555 1305 1614 Scriptura
1322 1555 1452 1604 Filio,
1483 1555 1580 1612 quia
1603 1555 1710 1596 ima-

351 1625 492 1682 ginem
516 1624 649 1673 dixit;
684 1638 782 1666 cum
814 1623 901 1682 ipse
923 1625 1036 1667 Deus
1059 1625 1210 1669 dixerit
1232 1626 1476 1668 hominibus
1502 1625 1709 1667 :ussstote
1767 1614 1768 1639 ἶ

350 1714 367 1733 »
383 1693 516 1737 sancti
530 1726 540 1743 ‚
558 1694 757 1750 quoniam
775 1702 818 1736 et
835 1709 912 1751 ego
931 1703 1098 1737 sanctus
1116 1710 1208 1738 sum
1222 1695 1236 1717 ²
1256 1695 1298 1738 P»
1313 1696 1365 1738 Et
1380 1695 1513 1738 Filius
1532 1695 1708 1738 dixerit:

365 1764 543 1806 «Estote
567 1763 775 1821 perfecti,
800 1764 910 1806 sieut
931 1772 973 1806 et
992 1764 1115 1807 Pater
1138 1774 1275 1808 vester
1296 1765 1367 1822 qui
1395 1765 1438 1807 in
1471 1766 1588 1808 coelis
1621 1773 1709 1815 est,

356 1854 371 1875 »
385 1834 595 1893 perfectus
612 1842 675 1876 est
689 1832 700 1854 ³
720 1833 767 1875 P»
781 1834 867 1878 Nec
887 1834 1126 1891 intelligunt
1143 1851 1192 1878 ex
1210 1836 1299 1893 ipso
1322 1836 1480 1886 astrui,
1505 1836 1598 1893 quia
1628 1852 1710 1878 non

355 1907 589 1947 secundum
622 1913 807 1963 partem,
847 1906 919 1947 sed
951 1906 1186 1948 secundum
1218 1906 1528 1963 plenitudinem
1549 1906 1713 1948 Divini-

358 1977 453 2020 tatis
483 1985 527 2019 et
552 1975 857 2034 perfectionem
886 1976 1030 2018 similis
1067 1976 1119 2019 sit
1144 1977 1274 2019 Filius
1294 1977 1420 2020 Patri.
1457 1976 1646 2034 Denique
1681 1977 1713 2018 si

358 2047 483 2091 multi
499 2046 670 2095 similes,
691 2061 767 2090 cur
784 2048 897 2089 solus
911 2046 1039 2089 Filius
1057 2048 1194 2106 imago
1210 2047 1428 2090 invisibilis
1443 2047 1520 2091 Dei
1542 2047 1712 2097 dicitur,

359 2126 402 2160 et
428 2118 649 2160 character
675 2117 917 2160 substantiae
941 2117 1054 2174 ejus;
1073 2118 1151 2160 nisi
1174 2118 1271 2175 quia
1294 2117 1337 2159 in
1360 2132 1409 2160 eo
1428 2125 1588 2160 naturae
1605 2116 1714 2174 ejus·

362 2189 459 2231 dem
483 2189 620 2231 unitas
635 2221 646 2238 ,
670 2196 712 2230 et
728 2187 820 2245 ejus
841 2187 1072 2245 majestatis
1091 2187 1303 2245 expressio
1325 2187 1418 2230 est?

421 2259 532 2302 CXI.
568 2258 658 2301 Alia
675 2258 785 2300 enim
805 2260 1039 2301 secundum
1059 2258 1338 2301 imitationem
1355 2258 1586 2301 similitudo
1602 2290 1613 2308 ,
1637 2256 1714 2301 alia

363 2330 597 2372 secundum
635 2337 829 2371 naturam
872 2344 881 2370 :
927 2331 1041 2387 quod
1071 2329 1386 2387 propositorum
1423 2330 1714 2386 exemplorum

363 2399 488 2441 etiam
501 2400 626 2441 verba
638 2398 838 2446 indicant,
853 2398 1075 2440 dicitenim
1089 2398 1331 2456 Scriptura:
1351 2398 1512 2441 «Estote
1525 2398 1656 2440 sancti
1671 2413 1702 2444 z»

363 2479 409 2511 ut
437 2469 478 2511 id
496 2469 597 2512 fiant
613 2485 688 2527 per
710 2467 1004 2511 imitationem.
1030 2469 1280 2510 Hominibus
1301 2484 1400 2527 ergo
1419 2468 1573 2510 dicitur
1593 2483 1602 2510 :
1620 2468 1715 2510 «Es-

363 2556 377 2576 »
394 2546 533 2587 tote,1›
561 2538 657 2596 quia
681 2554 764 2580 non
789 2548 886 2580 sunt
915 2553 926 2581 t
965 2539 1016 2580 de
1041 2553 1084 2580 se
1107 2546 1246 2580 autem
1272 2538 1374 2580 dicit
1397 2540 1511 2580 Deus
1536 2553 1545 2579 z
1572 2555 1588 2576 α
1606 2537 1714 2589 Quia

359 2625 374 2647 n
390 2617 558 2651 sauctus
576 2625 691 2659 sum3
706 2629 721 2649 »
736 2624 819 2652 nou
843 2609 989 2666 utique
1008 2608 1255 2666 proficiente
1280 2623 1481 2666 processu
1500 2641 1510 2658 ‚
1536 2607 1608 2651 sed
1629 2622 1715 2650 ma-

408 2708 415 2723 ¹
436 2699 537 2733 Hebr.
556 2710 578 2737 1,
595 2701 626 2733 3.
646 2719 685 2725 ——
705 2708 717 2723 ¹
738 2701 840 2733 Levit.
860 2711 926 2741 xix,
947 2708 976 2733 α.
989 2717 1028 2725 —
1044 2701 1057 2725 Β
1074 2699 1193 2733 Matth.
1212 2709 1278 2737 xvi,
1292 2698 1350 2738 48.
