1768 3283
353 320 404 346 DE
438 316 597 346 srimTU
630 315 809 350 smero,
845 317 926 343 Lm.
965 317 1024 343 111.
1303 311 1386 365 399

39 403 245 440 tentatum
271 395 476 452 Spiritum
493 428 502 443 ,
526 403 734 437 tentatum
762 394 888 435 etiam
919 395 1080 443 Deum,
1107 396 1254 439 eadem
1278 400 1388 442 dicat

40 476 82 509 et
109 467 322 508 Christum
360 481 450 506 osse
484 474 712 512 tentatum3
752 464 881 505 hahes
911 464 1023 506 enim
1065 465 1117 507 ad
1149 466 1387 512 Corinthios

39 536 286 593 Apostolum
315 550 324 576 ε
351 553 365 573 α
389 535 533 591 'Neque
566 543 773 576 tentemus
809 534 1048 584 Christum,
1081 536 1188 578 sicut
1220 537 1390 593 quidam

42 622 217 649 »eorum
241 614 527 654 tentaverunt,
553 614 594 647 et
617 621 636 646 a
662 605 927 662 serpentibus
949 606 1210 663 perierunt¹.
1237 627 1251 647 n
1271 608 1390 651 Justa

40 677 245 725 vindicta,
271 687 318 719 ut
341 676 565 719 adversarii
582 690 740 719 venena
763 675 986 726 sentirent,
1011 676 1083 733 qui
1104 692 1189 719 non
1212 693 1388 723 vonera-

41 748 197 791 bantur
215 755 447 789 auctorem.

99 816 145 860 L.
183 817 236 859 Et
263 818 372 860 bene
399 816 632 864 Dominus,
660 831 768 858 aereo
795 825 989 873 serpente
1021 832 1244 875 suspenso,
1271 820 1394 878 jussit

41 887 179 931 curari
201 888 373 930 vulnera
397 885 662 929 sauciorum²
680 902 691 934 3
718 886 855 944 imago
874 886 986 928 enim
1005 887 1142 930 crucis
1158 904 1290 932 aereus
1313 907 1397 934 ser-

39 974 143 1017 pens
170 966 261 1007 est;
289 973 387 1000 nam
413 958 492 1000 etsi
522 957 564 999 in
590 972 716 999 carne
742 972 815 999 sua
836 972 1062 1015 suspensus
1088 968 1151 1002 est
1176 959 1389 1012 Christus,

41 1038 183 1072 tamen
208 1029 250 1071 iu
272 1043 322 1071 co
347 1037 388 1071 et
409 1029 497 1086 ipse
512 1026 736 1070 crucifixus
748 1036 810 1070 est
827 1029 1003 1077 mundo,
1018 1037 1058 1071 et
1075 1029 1151 1086 ipsi
1168 1031 1393 1075 crucifixus

41 1108 104 1143 est
123 1100 307 1142 mundus
335 1114 344 1140 :
373 1117 388 1137 α
405 1099 506 1141 Mihi
523 1098 653 1146 enim,
671 1097 828 1154 inquit,
853 1099 1035 1140 mundus
1058 1098 1282 1143 crucifixus
1307 1111 1392 1152 est,

42 1190 57 1210 n
71 1178 112 1212 et
124 1186 200 1228 ego
218 1170 376 1212 mundo
390 1168 418 1212 ³.
432 1189 446 1208 υ
464 1167 697 1211 Crucifixus
714 1176 776 1210 est
791 1183 889 1225 ergo
905 1169 947 1209 in
965 1169 1048 1210 suis
1066 1170 1247 1212 mundus
1261 1171 1396 1215 illece-

43 1240 153 1290 bris;
182 1249 223 1282 et
251 1240 345 1281 ideo
364 1254 446 1280 non
465 1254 601 1287 verus,
619 1239 691 1280 sed
708 1254 838 1280 aereus
867 1254 1090 1295 suspensus
1118 1248 1181 1282 est
1202 1255 1396 1298 serpens3

45 1310 141 1367 quia
165 1309 207 1350 in
231 1308 404 1351 veritate
424 1308 594 1365 quidem
617 1308 821 1365 corporis,
846 1309 919 1350 sed
933 1309 1021 1350 sine
1039 1309 1212 1351 veritate
1237 1313 1399 1368 peccati

45 1381 234 1438 suscepit
258 1380 464 1423 Dominus
496 1379 680 1437 speciem
718 1379 974 1436 peccatori53
1007 1388 1053 1422 nt
1078 1395 1153 1437 per
1184 1383 1396 1425 lubricum

45 1449 303 1492 infirmitatis
326 1449 522 1492 humanae
543 1449 779 1492 simulando
800 1458 1038 1506 serpentem
1052 1483 1063 1498 ,
1088 1451 1285 1508 depositis
1306 1468 1400 1495 car-

45 1520 108 1563 nis
135 1519 317 1569 exuviis,
346 1519 433 1562 veri
457 1522 692 1562 destrueret
725 1519 932 1577 serpentis
965 1520 1172 1563 astutiam.
1202 1522 1284 1564 Per
1310 1538 1401 1565 cru-

47 1606 139 1634 cem
163 1591 303 1648 itaque
326 1591 522 1639 Domini,
549 1606 641 1647 quae
664 1591 706 1632 in
730 1590 973 1633 tentationis
995 1591 1155 1633 ultione
1180 1594 1396 1643 subvenit,

0 1693 1 1697 ,
48 1660 250 1703 offensam
283 1661 325 1703 in
358 1659 529 1718 perfidis
560 1658 775 1703 Trinitatis
804 1675 1011 1718 agnOSCO,
1043 1661 1113 1718 qui
1146 1663 1401 1707 medicinam

49 1729 267 1774 Trinitatis
291 1731 464 1787 accipio.

104 1801 171 1844 LI.
209 1802 318 1858 Ergo
350 1816 448 1843 cum
482 1800 637 1842 habeas
668 1800 710 1842 in
733 1800 842 1842 libro
874 1802 1032 1860 Moysi,
1070 1803 1166 1859 quia
1195 1803 1403 1848 Dominus

57 1879 241 1914 tentatus
262 1880 474 1929 serpentes
497 1870 714 1912 immiserit
740 1873 896 1928 populo
918 1872 1209 1921 Judaeomm⁶‚
1233 1889 1404 1917 necesse

65 1950 128 1984 est
150 1950 220 1983 aut
242 1942 445 1983 unitatem
464 1942 506 1982 in
522 1941 741 1997 majestate
764 1941 902 1983 divina
924 1942 1089 1984 fatearis
1105 1942 1235 1984 Patris
1256 1951 1298 1985 et
1316 1944 1409 1986 Filii

67 2020 109 2053 et
130 2010 307 2068 Spiritus
327 2011 460 2053 sancti
480 2025 490 2053 ε
518 2019 588 2052 aut
609 2020 723 2052 certe
747 2026 844 2053 eum
863 2011 1066 2068 Spiritum
1091 2012 1202 2054 dicat
1228 2012 1410 2069 Aposto-

67 2080 147 2124 lica
171 2080 387 2139 Scriptura
406 2088 636 2129 tentatum3
663 2080 831 2123 Domini
852 2082 1023 2124 nomine
1049 2081 1252 2139 Spiritum
1275 2083 1418 2140 utique

72 2152 313 2208 designavit.
355 2152 580 2194 Tentatum
605 2159 743 2192 autem
774 2151 978 2208 Spiritum
1016 2160 1208 2194 sanctum
1242 2153 1292 2194 ad
1333 2154 1419 2196 He-

74 2222 207 2265 braeos
233 2222 421 2264 scribens
446 2223 671 2279 Apostolus
705 2221 833 2270 dicit3
864 2223 923 2264 sic
953 2221 1067 2264 enim
1089 2221 1247 2264 habes:
1274 2240 1289 2260 α
1312 2223 1419 2274 Quia

77 2293 195 2336 »haec
216 2292 317 2335 dicit
339 2292 517 2350 Spiritus
534 2302 702 2335 sanctus
722 2307 730 2333 :
757 2292 889 2334 Hodie
912 2293 944 2334 si
968 2308 1114 2335 vocem
1133 2292 1225 2348 ejus
1244 2294 1422 2336 audieri-

77 2363 158 2406 »tis
171 2395 182 2413 ‚
207 2363 336 2405 nolite
354 2362 564 2404 obdurare
583 2359 710 2404 corde
734 2371 870 2403 vestra
888 2395 897 2410 ,
923 2363 1031 2405 sicut
1055 2363 1095 2404 in
1115 2363 1346 2422 irfitntione
1364 2381 1426 2406 se·

80 2452 95 2474 n
111 2435 298 2476 cundum
320 2433 431 2475 diem
448 2432 688 2475 tentationis
708 2432 749 2473 in
767 2434 932 2474 deserto
948 2464 957 2482 ‚
983 2433 1056 2474 ubi
1074 2441 1341 2475 tentaverunt
1362 2449 1429 2476 me

83 2515 250 2562 „patres
271 2503 420 2551 vestri,
445 2504 731 2560 probaverunt
755 2511 796 2544 et
814 2502 1010 2544 viderunt
1027 2517 1152 2558 opera
1175 2517 1283 2545 mea.
1314 2503 1433 2554 Qua-

85 2575 306 2633 »draginta
334 2574 450 2616 annis
472 2573 688 2631 proximus
722 2573 780 2614 sui
813 2573 1074 2629 generationi
1104 2572 1227 2622 huic,
1261 2582 1303 2616 et
1327 2575 1435 2617 dixi:

133 2668 142 2684 ¹
166 2677 176 2697 ι
194 2666 271 2699 Cor.
298 2677 332 2707 x,
348 2677 377 2707 9.
394 2683 434 2691 —
453 2675 464 2691 ²
486 2665 581 2700 Num.
603 2675 671 2704 xxl,
691 2675 723 2707 9.
739 2681 777 2701 ε
796 2664 808 2689 ³
825 2662 931 2697 Galat.
952 2673 997 2704 vt,
1019 2663 1064 2701 142
1082 2664 1149 2702 -1‘
1171 2662 1264 2699 Num.
1283 2674 1348 2703 xxi,
1368 2665 1399 2697 6.
