1768 3283
364 279 451 330 446
906 288 936 314 s.
976 286 1168 314 Ammosu

358 369 579 427 primitivis
602 367 742 410 ovium
767 380 937 408 suarum
962 365 1140 406 hostiam
1166 362 1348 405 Domino
1371 364 1566 408 obtulit⁵.
1595 366 1707 410 Nihil

357 439 523 482 invenio
546 438 660 494 quod
679 437 721 478 in
742 436 881 493 specie
902 449 1126 479 munerum
1149 433 1472 490 reprehendam,
1492 436 1570 478 nisi
1593 438 1706 493 quod

357 518 400 552 et
430 508 531 550 Cain
567 522 742 549 munera
775 521 848 547 sua
885 505 1144 562 dispIICuisse
1178 504 1396 560 cognovit,
1430 513 1472 547 et
1500 506 1705 550 Dominus

356 579 459 621 dixit
481 594 522 619 z«
540 577 583 619 Si
614 585 730 618 recte
762 574 938 624 offeras,
972 583 1086 617 recte
1120 581 1259 616 autem
1286 590 1371 617 non
1395 575 1574 625 dividas,
1603 592 1705 634 pec·

357 665 373 687 2)
389 645 532 689 casti2.
554 665 568 684 n

411 716 481 758 ΙΙΙ.
522 715 601 756 Ubi
623 714 749 771 igitur
772 722 834 755 est
852 713 1045 755 crimen?
1063 714 1135 755 ubi
1156 714 1307 770 culpa?
1324 714 1415 757 Non
1432 715 1474 757 in
1492 715 1703 759 oblatione

351 785 553 833 muneris,
579 785 711 826 sedin
729 783 951 826 oblationis
977 783 1142 825 affectu.
1171 782 1277 824 Sunt
1303 784 1472 839 qnidam
1496 785 1567 841 qui
1589 794 1703 828 recte

353 855 631 906 arbitrantur,
656 853 753 909 quia
783 853 884 894 alius
908 868 999 908 quse
1023 853 1191 894 offerret
1209 886 1217 900 ,
1244 855 1426 910 elegerat
1451 869 1459 895 :
1485 854 1589 897 alius
1610 870 1702 911 quae

353 927 496 968 viliora
519 925 682 972 habuit,
702 923 917 965 offerebat.
942 923 1022 964 Sed
1042 938 1127 965 non
1146 932 1207 964 est
1232 923 1286 964 ita
1314 923 1433 980 inops
1451 924 1700 981 spiritalium

351 1011 494 1037 sensus
508 995 549 1036 in
563 994 701 1042 nobis,
727 1001 773 1034 ut
794 1001 989 1048 putemus
1007 993 1101 1047 quia
1123 993 1325 1034 Dominus
1342 995 1559 1050 corporale
1576 993 1701 1036 sacri·

347 1065 507 1112 ficium,
522 1079 606 1105 non
617 1063 804 1119 spiritale
816 1063 1043 1117 quaerebat.
1057 1063 1109 1104 Et
1121 1063 1214 1104 ideo
1229 1064 1404 1112 addidit,
1421 1082 1435 1102 «ι
1448 1064 1688 1115 Quiesce³,»

345 1135 603 1176 tolerabilius
634 1131 873 1188 significans
905 1132 1114 1172 abstinere
1147 1147 1168 1173 a
1196 1133 1441 1174 muneribus
1465 1132 1697 1176 deserendis

345 1220 469 1262 quam
493 1203 649 1246 infideli
673 1203 810 1244 studio
829 1218 982 1244 munus
1006 1202 1170 1243 offerre.
1201 1202 1283 1253 Qui
1309 1196 1419 1244 enim
1443 1203 1577 1245 nescit
1600 1203 1697 1245 divi-

345 1277 460 1324 dere,
486 1275 620 1316 nescit
643 1273 898 1329 dijudicare:
915 1273 1110 1329 spiritalis
1131 1281 1268 1314 autem
1289 1273 1492 1328 dijudicat
1517 1274 1689 1316 omnia'st

341 1347 393 1389 Et
412 1347 504 1388 ideo
525 1345 738 1388 Abraham
757 1343 1011 1386 sacrificium
1030 1346 1142 1400 quod
1161 1344 1379 1403 offerebat,
1403 1344 1578 1386 divisit⁵.

402 1416 468 1458 IV.
508 1415 638 1456 Scivit
655 1414 782 1455 etiam
801 1413 908 1454 Abel
926 1413 1127 1461 dividere,
1152 1413 1290 1469 quiex
1310 1413 1530 1470 primitivis
1552 1413 1692 1455 ovium

338 1487 494 1529 obtulit
517 1484 818 1532 sacrificiumfi,
848 1485 1005 1525 docens
1030 1499 1113 1525 non
1137 1492 1259 1525 terrae
1284 1499 1458 1526 munera
1487 1484 1693 1541 placitura

336 1558 444 1605 Deo,
467 1571 558 1612 quae
583 1556 937 1612 degeneraverant
956 1554 996 1594 in
1024 1563 1271 1610 peccatore,
1301 1554 1371 1595 sed
1400 1569 1445 1596 ea
1476 1554 1516 1595 in
1540 1554 1691 1609 quibus

337 1627 463 1669 divini
492 1626 622 1682 gratia
654 1624 841 1681 mysterii
875 1623 1113 1679 refulgeret.
1145 1623 1415 1679 prophetavit
1446 1623 1587 1679 itaque
1616 1637 1696 1673 nos

336 1712 410 1753 per
433 1695 668 1752 passionem
695 1693 864 1735 Domini
890 1708 909 1733 a
934 1694 1054 1748 culpa
1085 1708 1173 1733 esse
1198 1692 1466 1734 redimendos
1483 1726 1492 1741 ,
1525 1693 1575 1734 de
1606 1707 1689 1749 quo

333 1766 536 1822 scriptum
558 1772 620 1805 est
643 1779 684 1805 z«
701 1763 812 1804 Ecce
831 1763 974 1818 Agnus
1003 1761 1094 1809 Dei,
1124 1776 1223 1803 ecce
1245 1762 1316 1818 qui
1340 1762 1445 1804 tollit
1467 1770 1688 1819 peccatum

332 1855 346 1872 n
363 1834 550 1876 mundi⁷.
573 1834 723 1875 »Unde
738 1833 845 1874 etde
864 1832 1082 1889 primitivis
1101 1833 1270 1881 obtulit,
1292 1840 1337 1873 ut
1353 1833 1684 1889 primogenitum

332 1907 579 1963 designaret.
610 1905 804 1947 Ostendit
831 1919 929 1960 ergo
953 1917 1098 1945 verum
1129 1902 1205 1945 Dei
1237 1902 1492 1944 sacrificium
1516 1917 1591 1944 nos
1622 1902 1686 1944 su-

333 1985 472 2023 turos,
511 1978 563 2017 de
599 1975 750 2031 quibus
782 1974 990 2029 Propheta
1029 1974 1084 2013 ait
1107 1972 1325 2014 :«Ass'eroe
1356 1972 1540 2015 Domino
1579 1971 1684 2014 filios

289 2054 292 2056 ’
328 2047 577 2088 »a1‘ietun1⁵.
602 2063 617 2084 »
632 2044 863 2100 Meritoque
880 2043 956 2085 Dei
973 2043 1131 2098 judicio
1149 2043 1464 2100 comprobatur.

387 2117 436 2160 V.
473 2116 537 2158 Illi
554 2124 694 2157 autem
714 2115 939 2172 reprobato
960 2113 1132 2160 dicitur,
1151 2131 1164 2151 α
1183 2114 1364 2165 Quiesce
1383 2128 1393 2154 z
1411 2131 1425 2151 »
1440 2127 1563 2169 quam
1580 2120 1682 2169 puto

329 2188 564 2244 generalem
598 2186 640 2226 in
672 2200 816 2227 omnes
849 2191 963 2225 extra
1004 2183 1234 2224 Ecclesiam
1270 2183 1519 2225 constitutos
1554 2183 1680 2224 latam

328 2272 417 2298 esse
437 2256 712 2303 sententiam;
745 2255 974 2296 multorum
1004 2254 1116 2294 enim
1139 2253 1207 2294 hic
1237 2252 1413 2310 liguram
1447 2267 1576 2294 cerno
1608 2267 1679 2308 po-

329 2328 542 2383 pulorum,
567 2340 670 2382 quos
691 2325 829 2366 diviua
847 2323 1051 2366 sententia
1072 2324 1408 2379 comprehendit,
1434 2337 1613 2380 quorum
1637 2321 1679 2365 in

327 2399 397 2440 illo
421 2397 521 2440 Cain
551 2396 636 2453 jam
659 2404 758 2441 tunc
792 2409 965 2436 munera
991 2394 1229 2436 rel'utavit⁹.

374 2509 381 2523 ¹
404 2500 488 2533 Gen.
506 2510 553 2538 iv,
571 2499 646 2539 5,4.
660 2516 698 2523 —
713 2497 877 2539 ²1bid.7.
892 2515 922 2520 —
948 2495 1067 2528 ³1bid.
1081 2513 1121 2519 --
1142 2497 1155 2522 ⁴
1175 2507 1187 2528 ι
1207 2496 1285 2528 Cor.
1308 2508 1344 2533 ιι,
1364 2498 1413 2529 15.
1432 2513 1473 2522 ο·-
1487 2498 1500 2520 ⁵
1517 2496 1605 2528 Gen.
1621 2506 1675 2535 xv,

329 2566 378 2588 ιο.
395 2572 434 2580 —
451 2555 465 2577 ⁶
479 2553 671 2593 Gen.1v,4.
689 2570 728 2577 --
748 2559 759 2582 7
778 2551 871 2584 Joan.
885 2562 907 2589 ι,
925 2562 979 2593 29·
1003 2568 1042 2575 -—
1068 2552 1079 2571 ⁸
1095 2549 1177 2583 Psah
1196 2561 1309 2589 xxvui,
1327 2562 1355 2583 ι.
1373 2569 1411 2575 -
1428 2559 1442 2580 9
1458 2551 1541 2584 Gen.
1556 2559 1600 2588 iv,
1620 2549 1652 2581 5.
