<?xml version="1.0" encoding="UTF-8"?>
<!DOCTYPE html PUBLIC "-//W3C//DTD XHTML 1.0 Transitional//EN"
    "http://www.w3.org/TR/xhtml1/DTD/xhtml1-transitional.dtd">
<html xmlns="http://www.w3.org/1999/xhtml" xml:lang="en" lang="en">
 <head>
  <title>
</title>
<meta http-equiv="Content-Type" content="text/html;charset=utf-8" />
  <meta name='ocr-system' content='tesseract 3.04.00' />
  <meta name='ocr-capabilities' content='ocr_page ocr_carea ocr_par ocr_line ocrx_word'/>
</head>
<body>
  <div class='ocr_page' id='page_1' title='image "./omniaequaeextant06ambruoft_0393.png"; bbox 0 0 1768 3283; ppageno 0'>
   <div class='ocr_carea' id='block_1_1' title="bbox 378 288 1375 344">
    <p class='ocr_par' dir='ltr' id='par_1_1' title="bbox 378 288 1375 344">
     <span class='ocr_line' id='line_1_1' title="bbox 378 288 1375 344; baseline 0.011 -26"><span class='ocrx_word' id='word_1_1' title='bbox 378 295 429 320; x_wconf 70' lang='lat' dir='ltr'>nn</span> <span class='ocrx_word' id='word_1_2' title='bbox 464 294 623 322; x_wconf 74' lang='lat' dir='ltr'>srnu&#39;ru</span> <span class='ocrx_word' id='word_1_3' title='bbox 656 299 833 332; x_wconf 61' lang='lat' dir='ltr'>smero,</span> <span class='ocrx_word' id='word_1_4' title='bbox 870 301 946 326; x_wconf 75' lang='lat' dir='ltr'>mn.</span> <span class='ocrx_word' id='word_1_5' title='bbox 986 302 1026 327; x_wconf 86' lang='lat'>11.</span> <span class='ocrx_word' id='word_1_6' title='bbox 1294 288 1375 344; x_wconf 84' lang='lat'>373</span> 
     </span>
    </p>
   </div>
   <div class='ocr_carea' id='block_1_2' title="bbox 34 372 1377 573">
    <p class='ocr_par' dir='ltr' id='par_1_2' title="bbox 34 372 1377 573">
     <span class='ocr_line' id='line_1_2' title="bbox 36 372 1377 435; baseline 0.009 -24"><span class='ocrx_word' id='word_1_7' title='bbox 36 372 163 422; x_wconf 88' lang='lat' dir='ltr'>Quod</span> <span class='ocrx_word' id='word_1_8' title='bbox 185 386 283 428; x_wconf 83' lang='lat' dir='ltr'>ergo</span> <span class='ocrx_word' id='word_1_9' title='bbox 306 372 491 429; x_wconf 82' lang='lat' dir='ltr'>loquitur</span> <span class='ocrx_word' id='word_1_10' title='bbox 509 374 705 432; x_wconf 77' lang='lat' dir='ltr'><strong>Spiritus,</strong></span> <span class='ocrx_word' id='word_1_11' title='bbox 728 379 822 420; x_wconf 84' lang='lat' dir='ltr'>Filii</span> <span class='ocrx_word' id='word_1_12' title='bbox 841 388 901 421; x_wconf 87' lang='lat' dir='ltr'>est</span> <span class='ocrx_word' id='word_1_13' title='bbox 925 395 934 421; x_wconf 93' lang='lat'>:</span> <span class='ocrx_word' id='word_1_14' title='bbox 956 381 1069 435; x_wconf 90' lang='lat' dir='ltr'>quod</span> <span class='ocrx_word' id='word_1_15' title='bbox 1096 381 1210 422; x_wconf 84' lang='lat' dir='ltr'>dedit</span> <span class='ocrx_word' id='word_1_16' title='bbox 1231 382 1377 432; x_wconf 84' lang='lat' dir='ltr'>Filius,</span> 
     </span>
     <span class='ocr_line' id='line_1_3' title="bbox 34 440 1377 507; baseline 0.01 -28"><span class='ocrx_word' id='word_1_17' title='bbox 34 440 167 481; x_wconf 87' lang='lat' dir='ltr'>Patris</span> <span class='ocrx_word' id='word_1_18' title='bbox 192 450 266 482; x_wconf 86' lang='lat' dir='ltr'>est.</span> <span class='ocrx_word' id='word_1_19' title='bbox 295 441 355 483; x_wconf 87' lang='lat' dir='ltr'>Ita</span> <span class='ocrx_word' id='word_1_20' title='bbox 381 443 485 485; x_wconf 92' lang='lat' dir='ltr'>nihil</span> <span class='ocrx_word' id='word_1_21' title='bbox 508 460 528 486; x_wconf 83' lang='lat' dir='ltr'>a</span> <span class='ocrx_word' id='word_1_22' title='bbox 551 461 594 488; x_wconf 87' lang='lat' dir='ltr'>se</span> <span class='ocrx_word' id='word_1_23' title='bbox 617 455 688 488; x_wconf 82' lang='lat' dir='ltr'>aut</span> <span class='ocrx_word' id='word_1_24' title='bbox 710 448 840 490; x_wconf 88' lang='lat' dir='ltr'>Filius</span> <span class='ocrx_word' id='word_1_25' title='bbox 872 449 1059 506; x_wconf 89' lang='lat' dir='ltr'>loquitur</span> <span class='ocrx_word' id='word_1_26' title='bbox 1079 457 1149 491; x_wconf 82' lang='lat' dir='ltr'>aut</span> <span class='ocrx_word' id='word_1_27' title='bbox 1171 450 1350 507; x_wconf 86' lang='lat' dir='ltr'>Spiritus</span> <span class='ocrx_word' id='word_1_28' title='bbox 1367 483 1377 503; x_wconf 92' lang='lat'><em>,</em></span> 
     </span>
     <span class='ocr_line' id='line_1_4' title="bbox 35 509 881 573; baseline 0.014 -25"><span class='ocrx_word' id='word_1_29' title='bbox 35 509 132 566; x_wconf 85' lang='lat' dir='ltr'>quia</span> <span class='ocrx_word' id='word_1_30' title='bbox 157 509 262 550; x_wconf 84' lang='lat' dir='ltr'>nihil</span> <span class='ocrx_word' id='word_1_31' title='bbox 284 520 399 553; x_wconf 82' lang='lat' dir='ltr'>extra</span> <span class='ocrx_word' id='word_1_32' title='bbox 418 528 460 554; x_wconf 84' lang='lat' dir='ltr'>se</span> <span class='ocrx_word' id='word_1_33' title='bbox 481 515 661 558; x_wconf 85' lang='lat' dir='ltr'>Trinitas</span> <span class='ocrx_word' id='word_1_34' title='bbox 684 518 881 573; x_wconf 86' lang='lat' dir='ltr'>loquitur.</span> 
     </span>
    </p>
   </div>
   <div class='ocr_carea' id='block_1_3' title="bbox 35 579 1402 1900">
    <p class='ocr_par' dir='ltr' id='par_1_3' title="bbox 35 579 1400 1618">
     <span class='ocr_line' id='line_1_5' title="bbox 95 579 1389 644; baseline 0.007 -22"><span class='ocrx_word' id='word_1_35' title='bbox 95 579 329 623; x_wconf 86' lang='lat' dir='ltr'>CXXXIV.</span> <span class='ocrx_word' id='word_1_36' title='bbox 373 582 499 633; x_wconf 86' lang='lat' dir='ltr'>Quod</span> <span class='ocrx_word' id='word_1_37' title='bbox 522 585 554 625; x_wconf 88' lang='lat' dir='ltr'>si</span> <span class='ocrx_word' id='word_1_38' title='bbox 573 587 623 627; x_wconf 85' lang='lat' dir='ltr'>ad</span> <span class='ocrx_word' id='word_1_39' title='bbox 646 586 933 629; x_wconf 76' lang='lat' dir='ltr'>infirmitatem</span> <span class='ocrx_word' id='word_1_40' title='bbox 957 588 1134 644; x_wconf 78' lang='lat' dir='ltr'>Spiritus</span> <span class='ocrx_word' id='word_1_41' title='bbox 1158 589 1288 631; x_wconf 84' lang='lat' dir='ltr'>sancti</span> <span class='ocrx_word' id='word_1_42' title='bbox 1309 621 1318 638; x_wconf 94' lang='lat'>,</span> <span class='ocrx_word' id='word_1_43' title='bbox 1347 598 1389 632; x_wconf 87' lang='lat' dir='ltr'>et</span> 
     </span>
     <span class='ocr_line' id='line_1_6' title="bbox 35 651 1388 707; baseline 0.01 -19"><span class='ocrx_word' id='word_1_44' title='bbox 35 651 263 706; x_wconf 82' lang='lat' dir='ltr'>quamdam</span> <span class='ocrx_word' id='word_1_45' title='bbox 282 665 492 707; x_wconf 80' lang='lat' dir='ltr'>corporeae</span> <span class='ocrx_word' id='word_1_46' title='bbox 511 655 829 698; x_wconf 81' lang='lat' dir='ltr'>similitudinem</span> <span class='ocrx_word' id='word_1_47' title='bbox 848 657 1015 699; x_wconf 85' lang='lat' dir='ltr'>vilitatis</span> <span class='ocrx_word' id='word_1_48' title='bbox 1034 659 1075 699; x_wconf 91' lang='lat' dir='ltr'>id</span> <span class='ocrx_word' id='word_1_49' title='bbox 1095 658 1269 700; x_wconf 85' lang='lat' dir='ltr'>derivari</span> <span class='ocrx_word' id='word_1_50' title='bbox 1291 674 1388 701; x_wconf 92' lang='lat' dir='ltr'>con-</span> 
     </span>
     <span class='ocr_line' id='line_1_7' title="bbox 38 721 1388 784; baseline 0.007 -23"><span class='ocrx_word' id='word_1_51' title='bbox 38 721 212 769; x_wconf 83' lang='lat' dir='ltr'>tendas,</span> <span class='ocrx_word' id='word_1_52' title='bbox 238 722 364 763; x_wconf 83' lang='lat' dir='ltr'>etiam</span> <span class='ocrx_word' id='word_1_53' title='bbox 389 725 438 764; x_wconf 82' lang='lat' dir='ltr'>ad</span> <span class='ocrx_word' id='word_1_54' title='bbox 461 724 554 765; x_wconf 90' lang='lat' dir='ltr'>Filii</span> <span class='ocrx_word' id='word_1_55' title='bbox 578 726 773 781; x_wconf 83' lang='lat' dir='ltr'>injuriam</span> <span class='ocrx_word' id='word_1_56' title='bbox 797 728 1027 776; x_wconf 83' lang='lat' dir='ltr'>derivabis;</span> <span class='ocrx_word' id='word_1_57' title='bbox 1061 729 1156 784; x_wconf 82' lang='lat' dir='ltr'>quia</span> <span class='ocrx_word' id='word_1_58' title='bbox 1188 736 1229 770; x_wconf 90' lang='lat' dir='ltr'>et</span> <span class='ocrx_word' id='word_1_59' title='bbox 1261 731 1313 771; x_wconf 81' lang='lat' dir='ltr'>de</span> <span class='ocrx_word' id='word_1_60' title='bbox 1345 745 1388 771; x_wconf 87' lang='lat' dir='ltr'>se</span> 
     </span>
     <span class='ocr_line' id='line_1_8' title="bbox 37 789 1388 855; baseline 0.005 -22"><span class='ocrx_word' id='word_1_61' title='bbox 37 789 168 833; x_wconf 89' lang='lat' dir='ltr'>Filius</span> <span class='ocrx_word' id='word_1_62' title='bbox 186 791 315 832; x_wconf 80' lang='lat' dir='ltr'>dixit:</span> <span class='ocrx_word' id='word_1_63' title='bbox 347 811 361 830; x_wconf 90' lang='lat'>«</span> <span class='ocrx_word' id='word_1_64' title='bbox 380 792 496 834; x_wconf 84' lang='lat' dir='ltr'>Sicut</span> <span class='ocrx_word' id='word_1_65' title='bbox 516 795 655 843; x_wconf 80' lang='lat' dir='ltr'>audio,</span> <span class='ocrx_word' id='word_1_66' title='bbox 675 796 846 852; x_wconf 86' lang='lat' dir='ltr'>judico»</span> <span class='ocrx_word' id='word_1_67' title='bbox 863 814 874 844; x_wconf 90' lang='lat'>;</span> <span class='ocrx_word' id='word_1_68' title='bbox 894 806 961 839; x_wconf 88' lang='lat' dir='ltr'>et:</span> <span class='ocrx_word' id='word_1_69' title='bbox 989 798 1107 840; x_wconf 90' lang='lat' dir='ltr'>«Non</span> <span class='ocrx_word' id='word_1_70' title='bbox 1126 807 1262 855; x_wconf 87' lang='lat' dir='ltr'>potest</span> <span class='ocrx_word' id='word_1_71' title='bbox 1276 799 1388 840; x_wconf 86' lang='lat' dir='ltr'>aliud</span> 
     </span>
     <span class='ocr_line' id='line_1_9' title="bbox 39 860 1389 919; baseline 0.007 -20"><span class='ocrx_word' id='word_1_72' title='bbox 39 860 205 901; x_wconf 72' lang='lat' dir='ltr'>»facere</span> <span class='ocrx_word' id='word_1_73' title='bbox 232 861 361 903; x_wconf 85' lang='lat' dir='ltr'>Filius</span> <span class='ocrx_word' id='word_1_74' title='bbox 379 895 389 910; x_wconf 90' lang='lat'>‚</span> <span class='ocrx_word' id='word_1_75' title='bbox 415 863 490 904; x_wconf 88' lang='lat' dir='ltr'>nisi</span> <span class='ocrx_word' id='word_1_76' title='bbox 513 865 628 919; x_wconf 85' lang='lat' dir='ltr'>quod</span> <span class='ocrx_word' id='word_1_77' title='bbox 651 865 802 905; x_wconf 89' lang='lat' dir='ltr'>viderit</span> <span class='ocrx_word' id='word_1_78' title='bbox 823 865 1044 906; x_wconf 77' lang='lat' dir='ltr'>facientem</span> <span class='ocrx_word' id='word_1_79' title='bbox 1071 867 1275 907; x_wconf 47' lang='lat' dir='ltr'>Patrem&amp;</span> <span class='ocrx_word' id='word_1_80' title='bbox 1291 886 1305 905; x_wconf 81' lang='grc' dir='ltr'><strong>ι</strong></span> <span class='ocrx_word' id='word_1_81' title='bbox 1347 867 1389 909; x_wconf 94' lang='lat' dir='ltr'>Si</span> 
     </span>
     <span class='ocr_line' id='line_1_10' title="bbox 39 929 1386 991; baseline 0.004 -20"><span class='ocrx_word' id='word_1_82' title='bbox 39 929 150 971; x_wconf 84' lang='lat' dir='ltr'>enim</span> <span class='ocrx_word' id='word_1_83' title='bbox 185 944 326 972; x_wconf 83' lang='lat' dir='ltr'>verum</span> <span class='ocrx_word' id='word_1_84' title='bbox 361 941 447 980; x_wconf 82' lang='lat' dir='ltr'>est,</span> <span class='ocrx_word' id='word_1_85' title='bbox 492 933 602 974; x_wconf 79' lang='lat' dir='ltr'>sicut</span> <span class='ocrx_word' id='word_1_86' title='bbox 634 949 775 975; x_wconf 86' lang='lat' dir='ltr'>verum</span> <span class='ocrx_word' id='word_1_87' title='bbox 804 943 891 982; x_wconf 79' lang='lat' dir='ltr'>est,</span> <span class='ocrx_word' id='word_1_88' title='bbox 924 936 1036 991; x_wconf 85' lang='lat' dir='ltr'>quod</span> <span class='ocrx_word' id='word_1_89' title='bbox 1079 936 1182 978; x_wconf 83' lang='lat' dir='ltr'>dixit</span> <span class='ocrx_word' id='word_1_90' title='bbox 1222 936 1386 978; x_wconf 85' lang='lat' dir='ltr'>Filius:</span> 
     </span>
     <span class='ocr_line' id='line_1_11' title="bbox 49 999 1396 1056; baseline 0.007 -18"><span class='ocrx_word' id='word_1_91' title='bbox 49 999 234 1040; x_wconf 87' lang='lat' dir='ltr'>«Omnia</span> <span class='ocrx_word' id='word_1_92' title='bbox 258 1015 349 1056; x_wconf 77' lang='lat' dir='ltr'>quae</span> <span class='ocrx_word' id='word_1_93' title='bbox 364 1002 485 1043; x_wconf 83' lang='lat' dir='ltr'>Pater</span> <span class='ocrx_word' id='word_1_94' title='bbox 506 1003 633 1044; x_wconf 77' lang='lat' dir='ltr'>habet</span> <span class='ocrx_word' id='word_1_95' title='bbox 648 1036 656 1049; x_wconf 90' lang='lat'><strong><em>‚</em></strong></span> <span class='ocrx_word' id='word_1_96' title='bbox 683 1018 774 1045; x_wconf 85' lang='lat' dir='ltr'>mea</span> <span class='ocrx_word' id='word_1_97' title='bbox 798 1013 895 1046; x_wconf 85' lang='lat' dir='ltr'>sunt</span> <span class='ocrx_word' id='word_1_98' title='bbox 912 1005 924 1024; x_wconf 80' lang='lat'><strong>²</strong></span> <span class='ocrx_word' id='word_1_99' title='bbox 944 1022 954 1052; x_wconf 81' lang='lat'>‚-</span> <span class='ocrx_word' id='word_1_100' title='bbox 976 1013 1017 1046; x_wconf 90' lang='lat' dir='ltr'>et</span> <span class='ocrx_word' id='word_1_101' title='bbox 1035 1006 1266 1047; x_wconf 86' lang='lat' dir='ltr'>secundum</span> <span class='ocrx_word' id='word_1_102' title='bbox 1284 1006 1396 1048; x_wconf 82' lang='lat' dir='ltr'>Divi-</span> 
     </span>
     <span class='ocr_line' id='line_1_12' title="bbox 41 1070 1397 1131; baseline 0.005 -20"><span class='ocrx_word' id='word_1_103' title='bbox 41 1070 215 1112; x_wconf 85' lang='lat' dir='ltr'>nitatem</span> <span class='ocrx_word' id='word_1_104' title='bbox 241 1087 372 1113; x_wconf 87' lang='lat' dir='ltr'>unum</span> <span class='ocrx_word' id='word_1_105' title='bbox 397 1081 458 1113; x_wconf 81' lang='lat' dir='ltr'>est</span> <span class='ocrx_word' id='word_1_106' title='bbox 486 1088 583 1114; x_wconf 76' lang='lat' dir='ltr'>cuin</span> <span class='ocrx_word' id='word_1_107' title='bbox 611 1074 733 1116; x_wconf 84' lang='lat' dir='ltr'>Patre</span> <span class='ocrx_word' id='word_1_108' title='bbox 758 1075 888 1116; x_wconf 81' lang='lat' dir='ltr'>Filius</span> <span class='ocrx_word' id='word_1_109' title='bbox 906 1107 915 1122; x_wconf 89' lang='lat'><strong>,</strong></span> <span class='ocrx_word' id='word_1_110' title='bbox 950 1091 1079 1116; x_wconf 87' lang='lat' dir='ltr'>unum</span> <span class='ocrx_word' id='word_1_111' title='bbox 1104 1091 1178 1131; x_wconf 85' lang='lat' dir='ltr'>per</span> <span class='ocrx_word' id='word_1_112' title='bbox 1198 1076 1397 1118; x_wconf 82' lang='lat' dir='ltr'>substan-</span> 
     </span>
     <span class='ocr_line' id='line_1_13' title="bbox 41 1141 1393 1201; baseline 0.004 -20"><span class='ocrx_word' id='word_1_113' title='bbox 41 1141 142 1182; x_wconf 82' lang='lat' dir='ltr'>tiam</span> <span class='ocrx_word' id='word_1_114' title='bbox 167 1144 424 1189; x_wconf 78' lang='lat' dir='ltr'>naturalem,</span> <span class='ocrx_word' id='word_1_115' title='bbox 451 1159 534 1184; x_wconf 90' lang='lat' dir='ltr'>non</span> <span class='ocrx_word' id='word_1_116' title='bbox 561 1158 667 1184; x_wconf 82' lang='lat' dir='ltr'>unus</span> <span class='ocrx_word' id='word_1_117' title='bbox 698 1145 930 1184; x_wconf 80' lang='lat' dir='ltr'>secundum</span> <span class='ocrx_word' id='word_1_118' title='bbox 958 1144 1239 1185; x_wconf 78' lang='lat' dir='ltr'>Sabellianam</span> <span class='ocrx_word' id='word_1_119' title='bbox 1265 1145 1393 1201; x_wconf 85' lang='lat' dir='ltr'>perfi-</span> 
     </span>
     <span class='ocr_line' id='line_1_14' title="bbox 41 1210 1391 1270; baseline 0.002 -18"><span class='ocrx_word' id='word_1_120' title='bbox 41 1210 167 1252; x_wconf 81' lang='lat' dir='ltr'>diam.</span> <span class='ocrx_word' id='word_1_121' title='bbox 195 1211 318 1261; x_wconf 85' lang='lat' dir='ltr'>Quod</span> <span class='ocrx_word' id='word_1_122' title='bbox 339 1227 468 1253; x_wconf 88' lang='lat' dir='ltr'>unum</span> <span class='ocrx_word' id='word_1_123' title='bbox 486 1213 628 1267; x_wconf 78' lang='lat' dir='ltr'>utique</span> <span class='ocrx_word' id='word_1_124' title='bbox 647 1221 709 1253; x_wconf 87' lang='lat' dir='ltr'>est</span> <span class='ocrx_word' id='word_1_125' title='bbox 727 1228 800 1269; x_wconf 83' lang='lat' dir='ltr'>per</span> <span class='ocrx_word' id='word_1_126' title='bbox 818 1214 1058 1254; x_wconf 70' lang='lat' dir='ltr'>substantia}</span> <span class='ocrx_word' id='word_1_127' title='bbox 1077 1214 1391 1270; x_wconf 74' lang='lat' dir='ltr'>proprietatem,</span> 
     </span>
     <span class='ocr_line' id='line_1_15' title="bbox 43 1283 1397 1340; baseline 0.001 -17"><span class='ocrx_word' id='word_1_128' title='bbox 43 1296 126 1324; x_wconf 84' lang='lat' dir='ltr'>non</span> <span class='ocrx_word' id='word_1_129' title='bbox 145 1291 280 1338; x_wconf 72' lang='lat' dir='ltr'>potest</span> <span class='ocrx_word' id='word_1_130' title='bbox 298 1283 507 1338; x_wconf 79' lang='lat' dir='ltr'>separari3</span> <span class='ocrx_word' id='word_1_131' title='bbox 535 1291 575 1324; x_wconf 83' lang='lat' dir='ltr'>et</span> <span class='ocrx_word' id='word_1_132' title='bbox 598 1283 691 1324; x_wconf 87' lang='lat' dir='ltr'>ideo</span> <span class='ocrx_word' id='word_1_133' title='bbox 714 1298 796 1324; x_wconf 87' lang='lat' dir='ltr'>non</span> <span class='ocrx_word' id='word_1_134' title='bbox 822 1292 958 1340; x_wconf 86' lang='lat' dir='ltr'>potest</span> <span class='ocrx_word' id='word_1_135' title='bbox 982 1284 1110 1324; x_wconf 79' lang='lat' dir='ltr'>Filius</span> <span class='ocrx_word' id='word_1_136' title='bbox 1130 1284 1267 1325; x_wconf 77' lang='lat' dir='ltr'>facere</span> <span class='ocrx_word' id='word_1_137' title='bbox 1285 1316 1295 1331; x_wconf 86' lang='lat'><em>‚</em></span> <span class='ocrx_word' id='word_1_138' title='bbox 1320 1284 1397 1325; x_wconf 88' lang='lat' dir='ltr'>nisi</span> 
     </span>
     <span class='ocr_line' id='line_1_16' title="bbox 41 1354 1397 1411; baseline 0.001 -17"><span class='ocrx_word' id='word_1_139' title='bbox 41 1355 157 1408; x_wconf 85' lang='lat' dir='ltr'>quod</span> <span class='ocrx_word' id='word_1_140' title='bbox 191 1354 368 1394; x_wconf 76' lang='lat' dir='ltr'>audierit</span> <span class='ocrx_word' id='word_1_141' title='bbox 397 1369 415 1394; x_wconf 86' lang='lat' dir='ltr'>a</span> <span class='ocrx_word' id='word_1_142' title='bbox 446 1356 595 1401; x_wconf 83' lang='lat' dir='ltr'>Patre;</span> <span class='ocrx_word' id='word_1_143' title='bbox 632 1354 727 1408; x_wconf 84' lang='lat' dir='ltr'>quia</span> <span class='ocrx_word' id='word_1_144' title='bbox 763 1355 802 1395; x_wconf 93' lang='lat' dir='ltr'>in</span> <span class='ocrx_word' id='word_1_145' title='bbox 834 1363 1035 1395; x_wconf 79' lang='lat' dir='ltr'>aeternum</span> <span class='ocrx_word' id='word_1_146' title='bbox 1060 1363 1122 1395; x_wconf 85' lang='lat' dir='ltr'>est</span> <span class='ocrx_word' id='word_1_147' title='bbox 1148 1370 1397 1411; x_wconf 83' lang='lat' dir='ltr'>permanens</span> 
     </span>
     <span class='ocr_line' id='line_1_17' title="bbox 42 1422 1400 1481; baseline 0.001 -17"><span class='ocrx_word' id='word_1_148' title='bbox 42 1422 121 1465; x_wconf 83' lang='lat' dir='ltr'>Dei</span> <span class='ocrx_word' id='word_1_149' title='bbox 140 1422 325 1465; x_wconf 79' lang='lat' dir='ltr'>Verbum</span> <span class='ocrx_word' id='word_1_150' title='bbox 340 1422 372 1471; x_wconf 81' lang='lat'>³,</span> <span class='ocrx_word' id='word_1_151' title='bbox 395 1438 473 1464; x_wconf 81' lang='lat' dir='ltr'>nec</span> <span class='ocrx_word' id='word_1_152' title='bbox 493 1438 677 1479; x_wconf 84' lang='lat' dir='ltr'>unquam</span> <span class='ocrx_word' id='word_1_153' title='bbox 695 1424 816 1465; x_wconf 81' lang='lat' dir='ltr'>Pater</span> <span class='ocrx_word' id='word_1_154' title='bbox 839 1439 859 1464; x_wconf 82' lang='lat' dir='ltr'>a</span> <span class='ocrx_word' id='word_1_155' title='bbox 877 1424 968 1465; x_wconf 90' lang='lat' dir='ltr'>Filii</span> <span class='ocrx_word' id='word_1_156' title='bbox 993 1424 1238 1481; x_wconf 87' lang='lat' dir='ltr'>operatione</span> <span class='ocrx_word' id='word_1_157' title='bbox 1255 1424 1400 1466; x_wconf 90' lang='lat' dir='ltr'>dividi·</span> 
     </span>
     <span class='ocr_line' id='line_1_18' title="bbox 45 1493 1397 1551; baseline 0.003 -19"><span class='ocrx_word' id='word_1_158' title='bbox 45 1499 135 1540; x_wconf 83' lang='lat' dir='ltr'>tur;</span> <span class='ocrx_word' id='word_1_159' title='bbox 155 1500 198 1534; x_wconf 91' lang='lat' dir='ltr'>et</span> <span class='ocrx_word' id='word_1_160' title='bbox 217 1494 331 1548; x_wconf 86' lang='lat' dir='ltr'>quod</span> <span class='ocrx_word' id='word_1_161' title='bbox 355 1501 554 1549; x_wconf 81' lang='lat' dir='ltr'>operatur</span> <span class='ocrx_word' id='word_1_162' title='bbox 576 1493 725 1541; x_wconf 84' lang='lat' dir='ltr'>Filius,</span> <span class='ocrx_word' id='word_1_163' title='bbox 750 1494 829 1535; x_wconf 84' lang='lat' dir='ltr'>scit</span> <span class='ocrx_word' id='word_1_164' title='bbox 858 1494 1023 1535; x_wconf 85' lang='lat' dir='ltr'>Patrem</span> <span class='ocrx_word' id='word_1_165' title='bbox 1047 1495 1151 1536; x_wconf 85' lang='lat' dir='ltr'>velle</span> <span class='ocrx_word' id='word_1_166' title='bbox 1184 1508 1195 1536; x_wconf 71' lang='grc' dir='ltr'><strong><em>ε</em></strong></span> <span class='ocrx_word' id='word_1_167' title='bbox 1219 1502 1260 1536; x_wconf 88' lang='lat' dir='ltr'>et</span> <span class='ocrx_word' id='word_1_168' title='bbox 1283 1495 1397 1551; x_wconf 85' lang='lat' dir='ltr'>quod</span> 
     </span>
     <span class='ocr_line' id='line_1_19' title="bbox 45 1563 782 1618; baseline 0.003 -16"><span class='ocrx_word' id='word_1_169' title='bbox 45 1563 134 1604; x_wconf 85' lang='lat' dir='ltr'>vult</span> <span class='ocrx_word' id='word_1_170' title='bbox 154 1564 293 1610; x_wconf 84' lang='lat' dir='ltr'>Pater,</span> <span class='ocrx_word' id='word_1_171' title='bbox 316 1563 447 1604; x_wconf 89' lang='lat' dir='ltr'>Filius</span> <span class='ocrx_word' id='word_1_172' title='bbox 470 1563 586 1603; x_wconf 87' lang='lat' dir='ltr'>novit</span> <span class='ocrx_word' id='word_1_173' title='bbox 605 1563 782 1618; x_wconf 83' lang='lat' dir='ltr'>operari.</span> 
     </span>
    </p>

    <p class='ocr_par' dir='ltr' id='par_1_4' title="bbox 47 1632 1402 1900">
     <span class='ocr_line' id='line_1_20' title="bbox 105 1632 1400 1690; baseline 0.001 -16"><span class='ocrx_word' id='word_1_174' title='bbox 105 1632 320 1674; x_wconf 87' lang='lat' dir='ltr'>CXXXV.</span> <span class='ocrx_word' id='word_1_175' title='bbox 360 1633 552 1688; x_wconf 75' lang='lat' dir='ltr'>Denique</span> <span class='ocrx_word' id='word_1_176' title='bbox 584 1648 636 1673; x_wconf 90' lang='lat' dir='ltr'>ne</span> <span class='ocrx_word' id='word_1_177' title='bbox 669 1634 733 1674; x_wconf 81' lang='lat' dir='ltr'>vel</span> <span class='ocrx_word' id='word_1_178' title='bbox 771 1633 812 1674; x_wconf 88' lang='lat' dir='ltr'>in</span> <span class='ocrx_word' id='word_1_179' title='bbox 842 1641 1055 1690; x_wconf 85' lang='lat' dir='ltr'>tempore,</span> <span class='ocrx_word' id='word_1_180' title='bbox 1090 1636 1152 1675; x_wconf 87' lang='lat' dir='ltr'>vel</span> <span class='ocrx_word' id='word_1_181' title='bbox 1182 1634 1222 1675; x_wconf 92' lang='lat' dir='ltr'>in</span> <span class='ocrx_word' id='word_1_182' title='bbox 1252 1634 1400 1676; x_wconf 85' lang='lat' dir='ltr'>ordine</span> 
     </span>
     <span class='ocr_line' id='line_1_21' title="bbox 47 1702 1402 1760; baseline 0.001 -16"><span class='ocrx_word' id='word_1_183' title='bbox 47 1702 226 1759; x_wconf 77' lang='lat' dir='ltr'>aliquam</span> <span class='ocrx_word' id='word_1_184' title='bbox 245 1702 354 1744; x_wconf 84' lang='lat' dir='ltr'>inter</span> <span class='ocrx_word' id='word_1_185' title='bbox 374 1703 539 1745; x_wconf 82' lang='lat' dir='ltr'>Patrem</span> <span class='ocrx_word' id='word_1_186' title='bbox 559 1711 598 1743; x_wconf 64' lang='lat' dir='ltr'>et</span> <span class='ocrx_word' id='word_1_187' title='bbox 620 1703 771 1744; x_wconf 85' lang='lat' dir='ltr'>Filium</span> <span class='ocrx_word' id='word_1_188' title='bbox 797 1712 965 1759; x_wconf 86' lang='lat' dir='ltr'>putares</span> <span class='ocrx_word' id='word_1_189' title='bbox 989 1705 1125 1760; x_wconf 85' lang='lat' dir='ltr'>operis</span> <span class='ocrx_word' id='word_1_190' title='bbox 1143 1719 1233 1745; x_wconf 87' lang='lat' dir='ltr'>esse</span> <span class='ocrx_word' id='word_1_191' title='bbox 1247 1705 1402 1746; x_wconf 84' lang='lat' dir='ltr'>distan-</span> 
     </span>
     <span class='ocr_line' id='line_1_22' title="bbox 51 1772 1402 1829; baseline 0.001 -15"><span class='ocrx_word' id='word_1_192' title='bbox 51 1774 176 1820; x_wconf 74' lang='lat' dir='ltr'>tiam,</span> <span class='ocrx_word' id='word_1_193' title='bbox 209 1774 281 1815; x_wconf 87' lang='lat' dir='ltr'>sed</span> <span class='ocrx_word' id='word_1_194' title='bbox 315 1772 507 1828; x_wconf 80' lang='lat' dir='ltr'>ejusdem</span> <span class='ocrx_word' id='word_1_195' title='bbox 541 1773 794 1829; x_wconf 76' lang='lat' dir='ltr'>operationis</span> <span class='ocrx_word' id='word_1_196' title='bbox 821 1775 1016 1815; x_wconf 81' lang='lat' dir='ltr'>crederes</span> <span class='ocrx_word' id='word_1_197' title='bbox 1047 1775 1251 1816; x_wconf 86' lang='lat' dir='ltr'>unitatem</span> <span class='ocrx_word' id='word_1_198' title='bbox 1284 1789 1332 1815; x_wconf 91' lang='lat'>:«</span> <span class='ocrx_word' id='word_1_199' title='bbox 1350 1775 1402 1816; x_wconf 90' lang='lat' dir='ltr'>Et</span> 
     </span>
     <span class='ocr_line' id='line_1_23' title="bbox 49 1843 1402 1900; baseline 0.001 -17"><span class='ocrx_word' id='word_1_200' title='bbox 49 1859 202 1900; x_wconf 78' lang='lat' dir='ltr'>»opera</span> <span class='ocrx_word' id='word_1_201' title='bbox 222 1875 232 1889; x_wconf 85' lang='lat'><strong>.</strong></span> <span class='ocrx_word' id='word_1_202' title='bbox 258 1844 412 1899; x_wconf 85' lang='lat' dir='ltr'>inquit,</span> <span class='ocrx_word' id='word_1_203' title='bbox 443 1859 533 1899; x_wconf 72' lang='lat' dir='ltr'>quae</span> <span class='ocrx_word' id='word_1_204' title='bbox 556 1858 632 1898; x_wconf 76' lang='lat' dir='ltr'>ego</span> <span class='ocrx_word' id='word_1_205' title='bbox 657 1843 785 1890; x_wconf 82' lang='lat' dir='ltr'>facio,</span> <span class='ocrx_word' id='word_1_206' title='bbox 816 1843 903 1899; x_wconf 80' lang='lat' dir='ltr'>ipse</span> <span class='ocrx_word' id='word_1_207' title='bbox 921 1844 1055 1885; x_wconf 47' lang='lat' dir='ltr'>facist⁸</span> <span class='ocrx_word' id='word_1_208' title='bbox 1075 1862 1088 1881; x_wconf 79' lang='lat' dir='ltr'>n</span> <span class='ocrx_word' id='word_1_209' title='bbox 1111 1844 1162 1884; x_wconf 78' lang='lat' dir='ltr'>Et</span> <span class='ocrx_word' id='word_1_210' title='bbox 1184 1860 1325 1885; x_wconf 82' lang='lat' dir='ltr'>rursus</span> <span class='ocrx_word' id='word_1_211' title='bbox 1350 1859 1402 1885; x_wconf 89' lang='lat' dir='ltr'>ne</span> 
     </span>
    </p>
   </div>
   <div class='ocr_carea' id='block_1_4' title="bbox 0 1912 1404 1968">
    <p class='ocr_par' dir='ltr' id='par_1_5' title="bbox 0 1912 1404 1968">
     <span class='ocr_line' id='line_1_24' title="bbox 0 1912 1404 1968; baseline 0.001 -15"><span class='ocrx_word' id='word_1_212' title='bbox 0 1942 1 1965; x_wconf 31' lang='grc' dir='ltr'>ἢ</span> <span class='ocrx_word' id='word_1_213' title='bbox 49 1913 344 1955; x_wconf 85' lang='lat' dir='ltr'>discretionem</span> <span class='ocrx_word' id='word_1_214' title='bbox 376 1914 554 1968; x_wconf 76' lang='lat' dir='ltr'>aliquam</span> <span class='ocrx_word' id='word_1_215' title='bbox 576 1913 616 1953; x_wconf 89' lang='lat' dir='ltr'>in</span> <span class='ocrx_word' id='word_1_216' title='bbox 639 1913 776 1968; x_wconf 87' lang='lat' dir='ltr'>operis</span> <span class='ocrx_word' id='word_1_217' title='bbox 805 1912 1073 1954; x_wconf 86' lang='lat' dir='ltr'>distinctione</span> <span class='ocrx_word' id='word_1_218' title='bbox 1104 1913 1304 1961; x_wconf 80' lang='lat' dir='ltr'>sentires,</span> <span class='ocrx_word' id='word_1_219' title='bbox 1332 1915 1404 1954; x_wconf 74' lang='lat' dir='ltr'>sed</span> 
     </span>
    </p>
   </div>
   <div class='ocr_carea' id='block_1_5' title="bbox 0 1973 2 2143">
    <p class='ocr_par' dir='ltr' id='par_1_6' title="bbox 0 1973 2 2143">
     <span class='ocr_line' id='line_1_25' title="bbox 0 1973 2 2051; baseline 0 0"><span class='ocrx_word' id='word_1_220' title='bbox 0 1973 2 2051; x_wconf 65' lang='lat' dir='ltr'>l</span> 
     </span>
     <span class='ocr_line' id='line_1_26' title="bbox 0 2061 2 2143; baseline 0 -4"><span class='ocrx_word' id='word_1_221' title='bbox 0 2061 2 2143; x_wconf 74' lang='lat' dir='ltr'>l</span> 
     </span>
    </p>
   </div>
   <div class='ocr_carea' id='block_1_6' title="bbox 0 2147 2 2228">
    <p class='ocr_par' dir='ltr' id='par_1_7' title="bbox 0 2147 2 2228">
     <span class='ocr_line' id='line_1_27' title="bbox 0 2147 2 2228; baseline 0 0"><span class='ocrx_word' id='word_1_222' title='bbox 0 2147 2 2228; x_wconf 95' lang='lat' dir='ltr'> </span> 
     </span>
    </p>
   </div>
   <div class='ocr_carea' id='block_1_7' title="bbox 50 1981 1408 2527">
    <p class='ocr_par' dir='ltr' id='par_1_8' title="bbox 50 1981 1408 2527">
     <span class='ocr_line' id='line_1_28' title="bbox 50 1981 1408 2039; baseline -0.002 -14"><span class='ocrx_word' id='word_1_223' title='bbox 50 1983 161 2025; x_wconf 80' lang='lat' dir='ltr'>idem</span> <span class='ocrx_word' id='word_1_224' title='bbox 186 1985 314 2031; x_wconf 85' lang='lat' dir='ltr'>velle,</span> <span class='ocrx_word' id='word_1_225' title='bbox 339 1983 449 2024; x_wconf 74' lang='lat' dir='ltr'>idem</span> <span class='ocrx_word' id='word_1_226' title='bbox 474 1982 610 2023; x_wconf 81' lang='lat' dir='ltr'>facere</span> <span class='ocrx_word' id='word_1_227' title='bbox 627 2015 637 2030; x_wconf 91' lang='lat'>‚</span> <span class='ocrx_word' id='word_1_228' title='bbox 663 1983 773 2023; x_wconf 89' lang='lat' dir='ltr'>idem</span> <span class='ocrx_word' id='word_1_229' title='bbox 794 1997 915 2039; x_wconf 86' lang='lat' dir='ltr'>posse</span> <span class='ocrx_word' id='word_1_230' title='bbox 930 1983 1096 2024; x_wconf 85' lang='lat' dir='ltr'>Patrem</span> <span class='ocrx_word' id='word_1_231' title='bbox 1114 1990 1154 2023; x_wconf 86' lang='lat' dir='ltr'>et</span> <span class='ocrx_word' id='word_1_232' title='bbox 1176 1982 1328 2024; x_wconf 84' lang='lat' dir='ltr'>Filium</span> <span class='ocrx_word' id='word_1_233' title='bbox 1344 1981 1408 2038; x_wconf 87' lang='lat' dir='ltr'>ju·</span> 
     </span>
     <span class='ocr_line' id='line_1_29' title="bbox 51 2051 1404 2108; baseline -0.002 -13"><span class='ocrx_word' id='word_1_234' title='bbox 51 2053 228 2100; x_wconf 85' lang='lat' dir='ltr'>dicares,</span> <span class='ocrx_word' id='word_1_235' title='bbox 253 2052 354 2094; x_wconf 87' lang='lat' dir='ltr'>dicit</span> <span class='ocrx_word' id='word_1_236' title='bbox 379 2051 453 2093; x_wconf 81' lang='lat' dir='ltr'>tihi</span> <span class='ocrx_word' id='word_1_237' title='bbox 479 2051 689 2108; x_wconf 83' lang='lat' dir='ltr'>Sapientia</span> <span class='ocrx_word' id='word_1_238' title='bbox 710 2053 760 2092; x_wconf 88' lang='lat' dir='ltr'>de</span> <span class='ocrx_word' id='word_1_239' title='bbox 776 2052 897 2092; x_wconf 79' lang='lat' dir='ltr'>Patre</span> <span class='ocrx_word' id='word_1_240' title='bbox 923 2066 965 2092; x_wconf 75' lang='lat' dir='ltr'>t«</span> <span class='ocrx_word' id='word_1_241' title='bbox 984 2051 1275 2107; x_wconf 77' lang='lat' dir='ltr'>Quaecumque</span> <span class='ocrx_word' id='word_1_242' title='bbox 1292 2051 1404 2092; x_wconf 89' lang='lat' dir='ltr'>enim</span> 
     </span>
     <span class='ocr_line' id='line_1_30' title="bbox 51 2120 1404 2177; baseline 0.001 -17"><span class='ocrx_word' id='word_1_243' title='bbox 51 2141 65 2160; x_wconf 71' lang='lat' dir='ltr'><em>v</em></span> <span class='ocrx_word' id='word_1_244' title='bbox 82 2123 149 2164; x_wconf 86' lang='lat' dir='ltr'>ille</span> <span class='ocrx_word' id='word_1_245' title='bbox 174 2122 319 2163; x_wconf 81' lang='lat' dir='ltr'>fecerit</span> <span class='ocrx_word' id='word_1_246' title='bbox 340 2154 350 2169; x_wconf 88' lang='lat'><strong>,</strong></span> <span class='ocrx_word' id='word_1_247' title='bbox 378 2123 524 2163; x_wconf 91' lang='lat' dir='ltr'>eadem</span> <span class='ocrx_word' id='word_1_248' title='bbox 549 2129 590 2162; x_wconf 90' lang='lat' dir='ltr'>et</span> <span class='ocrx_word' id='word_1_249' title='bbox 611 2121 740 2162; x_wconf 88' lang='lat' dir='ltr'>Filius</span> <span class='ocrx_word' id='word_1_250' title='bbox 767 2120 863 2162; x_wconf 79' lang='lat' dir='ltr'>facit</span> <span class='ocrx_word' id='word_1_251' title='bbox 891 2120 1124 2162; x_wconf 83' lang='lat' dir='ltr'>similiter⁵.</span> <span class='ocrx_word' id='word_1_252' title='bbox 1143 2140 1157 2159; x_wconf 80' lang='lat'><strong>»</strong></span> <span class='ocrx_word' id='word_1_253' title='bbox 1190 2123 1282 2163; x_wconf 88' lang='lat' dir='ltr'>Non</span> <span class='ocrx_word' id='word_1_254' title='bbox 1306 2135 1404 2177; x_wconf 82' lang='lat' dir='ltr'>ergo</span> 
     </span>
     <span class='ocr_line' id='line_1_31' title="bbox 52 2190 1407 2249; baseline -0.002 -16"><span class='ocrx_word' id='word_1_255' title='bbox 52 2193 175 2234; x_wconf 82' lang='lat' dir='ltr'>alicui</span> <span class='ocrx_word' id='word_1_256' title='bbox 199 2192 312 2249; x_wconf 86' lang='lat' dir='ltr'>prior</span> <span class='ocrx_word' id='word_1_257' title='bbox 334 2193 396 2232; x_wconf 89' lang='lat' dir='ltr'>vel</span> <span class='ocrx_word' id='word_1_258' title='bbox 421 2192 632 2232; x_wconf 79' lang='lat' dir='ltr'>secundus</span> <span class='ocrx_word' id='word_1_259' title='bbox 655 2199 716 2231; x_wconf 85' lang='lat' dir='ltr'>est</span> <span class='ocrx_word' id='word_1_260' title='bbox 735 2198 875 2237; x_wconf 82' lang='lat' dir='ltr'>aetus,</span> <span class='ocrx_word' id='word_1_261' title='bbox 896 2191 968 2231; x_wconf 84' lang='lat' dir='ltr'>sed</span> <span class='ocrx_word' id='word_1_262' title='bbox 988 2190 1096 2231; x_wconf 86' lang='lat' dir='ltr'>idem</span> <span class='ocrx_word' id='word_1_263' title='bbox 1120 2190 1243 2231; x_wconf 84' lang='lat' dir='ltr'>unius</span> <span class='ocrx_word' id='word_1_264' title='bbox 1261 2205 1407 2246; x_wconf 88' lang='lat' dir='ltr'>opera-</span> 
     </span>
     <span class='ocr_line' id='line_1_32' title="bbox 54 2259 1404 2316; baseline -0.002 -13"><span class='ocrx_word' id='word_1_265' title='bbox 54 2262 175 2303; x_wconf 86' lang='lat' dir='ltr'>tionis</span> <span class='ocrx_word' id='word_1_266' title='bbox 197 2261 386 2302; x_wconf 74' lang='lat' dir='ltr'>ess&#39;ectus.</span> <span class='ocrx_word' id='word_1_267' title='bbox 407 2261 459 2301; x_wconf 90' lang='lat' dir='ltr'>Et</span> <span class='ocrx_word' id='word_1_268' title='bbox 486 2260 580 2301; x_wconf 90' lang='lat' dir='ltr'>ideo</span> <span class='ocrx_word' id='word_1_269' title='bbox 604 2260 708 2301; x_wconf 86' lang='lat' dir='ltr'>nihil</span> <span class='ocrx_word' id='word_1_270' title='bbox 734 2275 753 2300; x_wconf 92' lang='lat' dir='ltr'>a</span> <span class='ocrx_word' id='word_1_271' title='bbox 777 2275 819 2301; x_wconf 83' lang='lat' dir='ltr'>se</span> <span class='ocrx_word' id='word_1_272' title='bbox 838 2275 957 2316; x_wconf 91' lang='lat' dir='ltr'>posse</span> <span class='ocrx_word' id='word_1_273' title='bbox 981 2259 1120 2301; x_wconf 80' lang='lat' dir='ltr'>facere</span> <span class='ocrx_word' id='word_1_274' title='bbox 1142 2260 1273 2301; x_wconf 87' lang='lat' dir='ltr'>Filius</span> <span class='ocrx_word' id='word_1_275' title='bbox 1297 2259 1404 2300; x_wconf 87' lang='lat' dir='ltr'>dici-</span> 
     </span>
     <span class='ocr_line' id='line_1_33' title="bbox 55 2328 1408 2387; baseline -0.004 -13"><span class='ocrx_word' id='word_1_276' title='bbox 55 2341 122 2374; x_wconf 89' lang='lat' dir='ltr'>tur</span> <span class='ocrx_word' id='word_1_277' title='bbox 141 2349 151 2379; x_wconf 91' lang='lat'>;</span> <span class='ocrx_word' id='word_1_278' title='bbox 174 2331 269 2387; x_wconf 83' lang='lat' dir='ltr'>quia</span> <span class='ocrx_word' id='word_1_279' title='bbox 295 2346 315 2372; x_wconf 81' lang='lat' dir='ltr'>a</span> <span class='ocrx_word' id='word_1_280' title='bbox 337 2332 459 2371; x_wconf 89' lang='lat' dir='ltr'>Patre</span> <span class='ocrx_word' id='word_1_281' title='bbox 479 2345 563 2371; x_wconf 91' lang='lat' dir='ltr'>non</span> <span class='ocrx_word' id='word_1_282' title='bbox 584 2338 721 2386; x_wconf 85' lang='lat' dir='ltr'>potest</span> <span class='ocrx_word' id='word_1_283' title='bbox 739 2330 829 2385; x_wconf 81' lang='lat' dir='ltr'>ejus</span> <span class='ocrx_word' id='word_1_284' title='bbox 853 2330 1044 2386; x_wconf 83' lang='lat' dir='ltr'>operatio</span> <span class='ocrx_word' id='word_1_285' title='bbox 1064 2329 1260 2387; x_wconf 78' lang='lat' dir='ltr'>separari.</span> <span class='ocrx_word' id='word_1_286' title='bbox 1289 2328 1408 2370; x_wconf 89' lang='lat' dir='ltr'>Simi·</span> 
     </span>
     <span class='ocr_line' id='line_1_34' title="bbox 54 2399 1407 2457; baseline -0.004 -14"><span class='ocrx_word' id='word_1_287' title='bbox 54 2402 148 2444; x_wconf 88' lang='lat' dir='ltr'>liter</span> <span class='ocrx_word' id='word_1_288' title='bbox 164 2409 205 2442; x_wconf 87' lang='lat' dir='ltr'>et</span> <span class='ocrx_word' id='word_1_289' title='bbox 222 2401 399 2457; x_wconf 84' lang='lat' dir='ltr'>Spiritus</span> <span class='ocrx_word' id='word_1_290' title='bbox 422 2400 555 2441; x_wconf 82' lang='lat' dir='ltr'>sancti</span> <span class='ocrx_word' id='word_1_291' title='bbox 572 2399 758 2456; x_wconf 85' lang='lat' dir='ltr'>operatio</span> <span class='ocrx_word' id='word_1_292' title='bbox 774 2414 857 2440; x_wconf 89' lang='lat' dir='ltr'>non</span> <span class='ocrx_word' id='word_1_293' title='bbox 877 2399 1121 2440; x_wconf 87' lang='lat' dir='ltr'>secernitur.</span> <span class='ocrx_word' id='word_1_294' title='bbox 1147 2400 1264 2439; x_wconf 87' lang='lat' dir='ltr'>Unde</span> <span class='ocrx_word' id='word_1_295' title='bbox 1280 2399 1407 2438; x_wconf 87' lang='lat' dir='ltr'>etiam</span> 
     </span>
     <span class='ocr_line' id='line_1_35' title="bbox 57 2469 989 2527; baseline -0.005 -14"><span class='ocrx_word' id='word_1_296' title='bbox 57 2487 104 2513; x_wconf 84' lang='lat' dir='ltr'>ea</span> <span class='ocrx_word' id='word_1_297' title='bbox 127 2487 218 2527; x_wconf 69' lang='lat' dir='ltr'>quse</span> <span class='ocrx_word' id='word_1_298' title='bbox 242 2471 446 2527; x_wconf 85' lang='lat' dir='ltr'>loquitur,</span> <span class='ocrx_word' id='word_1_299' title='bbox 468 2470 611 2512; x_wconf 87' lang='lat' dir='ltr'>audire</span> <span class='ocrx_word' id='word_1_300' title='bbox 635 2485 656 2511; x_wconf 86' lang='lat' dir='ltr'>a</span> <span class='ocrx_word' id='word_1_301' title='bbox 682 2470 803 2511; x_wconf 88' lang='lat' dir='ltr'>Patre</span> <span class='ocrx_word' id='word_1_302' title='bbox 822 2469 989 2511; x_wconf 84' lang='lat' dir='ltr'>dicitur.</span> 
     </span>
    </p>
   </div>
   <div class='ocr_carea' id='block_1_8' title="bbox 59 2570 1408 2669">
    <p class='ocr_par' dir='ltr' id='par_1_9' title="bbox 59 2570 1408 2669">
     <span class='ocr_line' id='line_1_36' title="bbox 103 2570 1408 2614; baseline -0.001 -10"><span class='ocrx_word' id='word_1_303' title='bbox 103 2584 110 2597; x_wconf 88' lang='lat'><em>¹</em></span> <span class='ocrx_word' id='word_1_304' title='bbox 135 2573 228 2604; x_wconf 78' lang='lat' dir='ltr'>Jonn.</span> <span class='ocrx_word' id='word_1_305' title='bbox 257 2584 288 2604; x_wconf 84' lang='lat' dir='ltr'>v.</span> <span class='ocrx_word' id='word_1_306' title='bbox 311 2573 362 2603; x_wconf 80' lang='lat'>30.</span> <span class='ocrx_word' id='word_1_307' title='bbox 385 2590 422 2596; x_wconf 89' lang='lat'>—-</span> <span class='ocrx_word' id='word_1_308' title='bbox 452 2581 464 2596; x_wconf 82' lang='lat'>⁸</span> <span class='ocrx_word' id='word_1_309' title='bbox 490 2571 578 2604; x_wconf 64' lang='lat' dir='ltr'>lb&#39;n&#39;i.</span> <span class='ocrx_word' id='word_1_310' title='bbox 608 2583 657 2614; x_wconf 84' lang='lat'>¹9·</span> <span class='ocrx_word' id='word_1_311' title='bbox 677 2589 716 2596; x_wconf 88' lang='lat'><em>-</em></span> <span class='ocrx_word' id='word_1_312' title='bbox 735 2573 747 2597; x_wconf 73' lang='lat'>3</span> <span class='ocrx_word' id='word_1_313' title='bbox 770 2572 850 2607; x_wconf 68' lang='lat' dir='ltr'>Psal.</span> <span class='ocrx_word' id='word_1_314' title='bbox 877 2580 993 2611; x_wconf 79' lang='lat' dir='ltr'>cxvm,</span> <span class='ocrx_word' id='word_1_315' title='bbox 1019 2571 1073 2614; x_wconf 80' lang='lat'>39.</span> <span class='ocrx_word' id='word_1_316' title='bbox 1092 2587 1130 2595; x_wconf 91' lang='lat'>-</span> <span class='ocrx_word' id='word_1_317' title='bbox 1155 2573 1166 2599; x_wconf 73' lang='lat'>⁴</span> <span class='ocrx_word' id='word_1_318' title='bbox 1189 2570 1284 2603; x_wconf 75' lang='lat' dir='ltr'>Joan.</span> <span class='ocrx_word' id='word_1_319' title='bbox 1302 2580 1335 2609; x_wconf 84' lang='lat' dir='ltr'>v,</span> <span class='ocrx_word' id='word_1_320' title='bbox 1357 2580 1408 2610; x_wconf 71' lang='lat'>1:¹0</span> 
     </span>
     <span class='ocr_line' id='line_1_37' title="bbox 59 2627 305 2669; baseline 0.004 -12"><span class='ocrx_word' id='word_1_321' title='bbox 59 2646 96 2657; x_wconf 45' lang='lat' dir='ltr'>w</span> <span class='ocrx_word' id='word_1_322' title='bbox 115 2629 126 2649; x_wconf 74' lang='lat'><strong>⁵</strong></span> <span class='ocrx_word' id='word_1_323' title='bbox 151 2627 234 2660; x_wconf 77' lang='lat' dir='ltr'>Ibid-</span> <span class='ocrx_word' id='word_1_324' title='bbox 259 2638 305 2669; x_wconf 68' lang='lat'>¹9·</span> 
     </span>
    </p>
   </div>
  </div>
 </body>
</html>
