1806 3256
399 297 453 349 48
943 312 973 340 s,
1012 312 1204 341 AMBROSU

400 389 539 433 »labia
575 404 691 439 mea,
727 389 828 432 dum
861 397 1084 433 cantavero
1112 390 1215 439 tibi3
1246 398 1287 433 ct
1317 389 1452 433 anima
1485 405 1595 442 moa,
1617 405 1744 449 quam

398 480 414 499 »
430 458 642 502 redemisti
658 458 686 501 ¹.
715 477 730 498 n
1388 492 1404 499 -

459 528 692 573 CXXXIV.
740 529 883 586 ltaque
901 561 911 578 ,
955 528 1134 572 Domine
1154 562 1165 579 ,
1209 529 1532 573 calumniatores
1574 538 1669 574 tuos
1705 538 1747 573 et

397 601 537 645 hostes
569 600 831 656 relinquens,
862 600 1006 641 confer
1035 608 1076 641 te
1110 600 1162 642 ad
1192 615 1292 648 nos;
1318 609 1359 642 et
1381 599 1596 643 sanctifica
1627 615 1745 642 aures
1805 594 1806 597 ¹

398 671 597 730 principis
619 669 832 717 Gratiani,
864 669 1139 725 omniumque
1162 678 1361 726 praeterea
1383 685 1564 726 quorum
1597 670 1638 711 in
1665 683 1748 711 ma-

399 758 477 785 nus
494 742 563 783 hic
580 741 745 783 libellus
766 740 947 788 venerit,
973 753 1124 781 vacuas
1146 739 1247 781 mihi
1271 749 1417 797 praesta
1439 755 1574 788 aures;
1596 739 1748 783 necubi
1805 756 1806 761 ¹

400 813 550 855 auditae
570 811 753 869 persidia}
775 810 917 852 sordes
946 810 1168 852 resideant.
1202 811 1394 852 Emunda
1414 826 1512 867 ergo
1527 843 1539 861 ,
1565 811 1747 853 emunda
1804 859 1806 862 Ι

401 899 544 927 aurem
568 898 652 924 non
676 881 855 923 fontanis
878 881 1060 938 poculis,
1091 895 1169 922 nec
1200 880 1356 923 fluviali
1384 882 1558 930 haustu,
1582 896 1660 923 nec
1683 896 1749 923 su-

401 970 522 998 surro
558 952 889 1010 praetermeantis
925 951 1045 993 rivuli
1078 966 1086 992 :
1119 953 1192 993 sed
1227 952 1490 993 sermonibus
1530 951 1581 992 acl
1616 951 1749 993 vicem

402 1038 606 1081 aquarum
630 1022 919 1079 operantibus,
942 1035 1065 1078 supra
1085 1020 1264 1061 nitorem
1285 1036 1485 1076 aquarum
1501 1020 1745 1078 perspicuis,
1804 1069 1806 1071 ι

403 1103 445 1136 et
479 1092 594 1134 omni
624 1091 863 1148 purioribus
886 1091 1004 1139 nive3
1032 1090 1109 1131 illis
1129 1090 1270 1146 utique
1288 1091 1572 1139 sermonibus,
1595 1090 1748 1146 quibus
1802 1089 1806 1135 ζ

401 1163 569 1208 dixisti:
600 1180 613 1200 α
632 1162 675 1204 Si
708 1161 861 1202 fuerint
890 1169 1061 1218 peccata
1099 1168 1232 1202 vostra
1254 1160 1362 1202 sicut
1388 1160 1671 1218 phoenicium,
1705 1167 1751 1201 ut

400 1234 569 1277 »nivem
597 1231 800 1273 dealbabo
820 1229 850 1271 ².
873 1248 889 1269 n

461 1300 677 1345 CXXXV.
715 1301 787 1342 Est
809 1300 933 1342 etiam
956 1300 1156 1357 poculum
1175 1315 1255 1356 quo
1275 1307 1434 1341 secreta
1457 1299 1608 1342 mentis
1630 1314 1750 1341 mun-

401 1375 500 1417 dare
534 1369 806 1418 consuevisti,
840 1370 1040 1427 poculum
1077 1385 1163 1411 non
1206 1378 1365 1411 naturae
1395 1370 1567 1419 veteris,
1599 1384 1678 1411 nec
1701 1383 1751 1410 cx
1801 1358 1803 1408 J

397 1444 480 1488 vite
510 1441 685 1485 solemni
712 1455 721 1482 ε
751 1442 823 1482 sed
847 1441 1046 1497 poculum
1072 1429 1233 1482 ‘novum
1264 1441 1314 1481 de
1347 1440 1453 1481 coelo
1486 1441 1670 1482 delatum
1708 1440 1749 1481 in
1800 1468 1802 1479 ,

400 1524 578 1562 terram,
604 1525 845 1569 expressum
880 1526 929 1552 ex
958 1510 1026 1551 illo
1050 1511 1256 1567 botryone
1277 1510 1522 1567 peregrino,
1548 1511 1618 1566 qui
1641 1511 1750 1553 sicut

398 1601 477 1629 uva
501 1585 552 1626 de
574 1584 680 1632 vite,
706 1583 760 1624 ita
787 1581 855 1623 ille
873 1581 913 1623 in
937 1596 1063 1623 carne
1082 1581 1219 1623 crucis
1241 1581 1442 1638 pependit
1471 1597 1494 1622 e
1521 1582 1648 1638 ligno.
1689 1582 1750 1624 Ex
1798 1582 1802 1622 Ξ

398 1656 481 1700 hoc
509 1671 607 1713 crgo
629 1654 834 1710 botryone
855 1661 917 1694 est
940 1651 1081 1693 vinum
1104 1653 1216 1708 quod
1240 1651 1423 1694 laetificat
1447 1667 1520 1694 cor
1542 1648 1745 1701 hominis,

399 1728 668 1772 sobrietatem
705 1723 909 1772 inebriat,
950 1723 1163 1780 crapulam
1196 1721 1292 1764 fidei
1323 1731 1365 1765 et
1395 1738 1500 1764 verae
1538 1723 1748 1780 religionis
1798 1717 1800 1734 ἶ

400 1798 589 1844 exhalat,
613 1795 827 1853 crapulam
847 1793 1049 1835 castitatis
1068 1793 1263 1835 inlundit.
1709 1835 1716 1840 ,

459 1866 694 1912 CXXXVI.
732 1866 822 1908 Hoc
861 1864 985 1921 igitur
1022 1864 1142 1913 vino,
1181 1863 1360 1906 Domine
1399 1879 1542 1914 mous,
1586 1848 1747 1906 domini
1797 1861 1800 1890 3

400 1954 522 1984 aures
546 1936 720 1994 Augusti
743 1935 894 1977 mentis
917 1934 1126 1984 emunda,
1149 1941 1196 1975 ut
1217 1933 1327 1975 sicut
1353 1933 1448 1975 vino
1475 1934 1653 1976 naturali
1675 1933 1748 1976 ho·
1797 1924 1799 1931 Ι

396 2011 530 2055 mines
558 1971 772 2055 ineobriati,
792 2005 973 2063 quietem
997 2004 1196 2061 diligunt,
1226 2005 1418 2047 timorem
1442 2005 1588 2047 mortis
1611 2007 1747 2062 expel-
1795 2015 1798 2064 j

394 2082 511 2129 lunt,
532 2077 704 2135 injurias
725 2091 808 2121 non
831 2075 1018 2117 sentiunt
1034 2106 1044 2123 ‚
1071 2074 1202 2116 aliena
1223 2089 1305 2116 non
1329 2083 1524 2131 quaerunt
1539 2107 1548 2122 ‚
1575 2089 1747 2117 suorum
1796 2073 1798 2102 }

398 2150 732 2194 obliviscuntur:
759 2145 814 2188 ita
836 2145 962 2186 etiam
986 2145 1080 2186 vino
1102 2153 1174 2186 tuo
1197 2146 1460 2202 crapulatus,
1485 2160 1633 2202 pacem
1657 2144 1747 2187 dili·
1796 2176 1797 2199 3

395 2232 486 2281 gat,
524 2229 565 2263 ot
602 2218 699 2260 fidei
734 2216 989 2259 exultatione
1025 2231 1223 2265 securus,
1266 2223 1444 2257 mortem
1491 2214 1746 2258 infidelitatis
1794 2206 1797 2244 ἶ

396 2294 583 2351 ignoret,
609 2289 850 2348 patientiam
874 2287 1089 2329 charitatis
1110 2287 1324 2335 exhibeat,
1363 2277 1579 2344 sacrilegia
1612 2287 1745 2329 aliena

397 2380 480 2408 non
500 2370 663 2410 teneat,
690 2359 814 2402 fidem
838 2358 963 2400 etiam
987 2357 1232 2415 pignoribus
1254 2357 1338 2398 suis
1358 2357 1574 2414 praeserat‚
1598 2371 1747 2398 secun-

397 2437 497 2480 dum
521 2434 632 2490 quod
656 2431 860 2488 scriptum
881 2437 972 2471 est:
998 2428 1235 2484 «Relinque
1256 2427 1394 2470 omnia
1428 2436 1526 2478 tua,
1556 2435 1598 2470 et
1627 2426 1740 2478 veni,

400 2517 605 2560 »sequere
631 2500 739 2543 me³.
768 2518 784 2540 n

442 2628 449 2643 ¹
472 2618 555 2652 Psal.
574 2628 631 2657 vu,
650 2627 702 2657 22,
727 2615 775 2647 23.
794 2632 834 2640 —-
856 2613 960 2646 ·1qu.
980 2623 1002 2651 ι,
1024 2611 1072 2646 ι8.
1091 2629 1130 2636 -
1153 2611 1299 2645 3ΜεὶῑιΙι.
1317 2622 1384 2651 xix,
1404 2620 1455 2643 21.
