1768 3283
366 302 450 343 266
905 315 935 342 s.
976 314 1164 342 Aunnosll

363 394 438 435 sed
459 391 768 436 incarnationis.
797 392 987 447 Denique
1010 392 1069 451 *de
1096 391 1385 435 incarnatione
1410 394 1600 436 dicturus
1622 395 1679 438 ait
1701 411 1710 438 :
1766 397 1768 405 ⁴

373 464 504 506 «Pete
530 464 603 505 tibi
638 463 816 519 signum.
840 480 854 499 »
876 462 928 502 Et
957 476 1054 502 cum
1081 461 1149 502 ille
1183 462 1351 504 dixisset
1371 478 1380 503 τ
1397 464 1516 505 «Non
1541 473 1681 521 petam
1700 497 1710 513 ,

363 549 527 589 »neque
563 533 732 574 tentabo
768 532 1025 578 Dominum,
1060 547 1306 588 responsum
1337 541 1429 573 est:
1462 534 1572 575 Ecce
1599 534 1713 591 virgo
1766 540 1768 573 ἐ

359 622 374 642 »
391 604 429 645 in
455 611 574 644 utero
601 600 820 657 aecipiet¹.
840 618 854 638 n
876 600 985 656 Ergo
1008 600 1175 656 signum
1204 600 1440 642 Divinitotis
1460 604 1602 644 videre
1629 617 1713 646 non

358 687 600 730 possumus,
624 685 862 712 mensuram
885 670 1138 726 quaerimus?
1164 670 1230 713 5⁷ae
1248 671 1400 712 misero
1428 672 1532 712 mihi
1548 704 1559 720 ‚
1583 673 1712 730 impie
1766 696 1768 730 2

359 743 568 784 discutere
590 742 812 795 eudemus,
833 754 959 796 quem
980 740 1104 796 digne
1126 755 1272 797 rogare
1302 756 1384 782 non
1414 738 1649 798 possimus!

418 811 692 853 CCXXXIII.
730 809 921 852 Viderint
946 819 1086 852 tamen
1109 811 1210 866 quid
1234 811 1388 853 saciant
1409 811 1613 872 Arriani:
1635 827 1712 870 ego

357 891 420 929 te,
449 882 595 929 Pater,
626 881 657 922 si
693 880 896 935 majorem
924 881 1120 921 omnibus
1153 882 1321 933 dixero,
1343 880 1546 936 injuriose
1569 889 1609 923 te
1632 882 1711 924 tuis

357 953 553 1010 operibus
575 951 812 1007 comparavi
837 965 846 991 ε
868 951 900 991 si
926 950 1128 1005 majorem
1148 951 1253 992 Filio
1271 984 1279 998 ,
1307 960 1352 992 ut
1373 951 1519 993 Arrius
1548 953 1708 1001 asserit,

355 1022 482 1078 impie
501 1021 696 1076 judicavi.
721 1020 780 1060 Do
805 1028 844 1060 te
867 1020 982 1076 prior
1004 1019 1081 1061 erit
1104 1021 1171 1061 illa
1195 1022 1400 1062 sententia
1417 1053 1426 1069 .
1452 1036 1550 1063 nam
1573 1036 1710 1078 nequo

359 1094 441 1134 ulla
465 1091 554 1133 fieri
573 1099 708 1147 potest
728 1090 802 1131 nisi
821 1106 871 1131 ox
888 1091 1203 1146 comparatione
1219 1092 1405 1148 praelatio
1419 1123 1428 1139 ‚
1450 1107 1587 1148 noque
1608 1108 1710 1151 prae·

355 1162 454 1204 ferri
479 1160 700 1217 quisquam
718 1193 729 1209 ‚
753 1160 831 1201 nisi
853 1162 903 1201 do
922 1175 1004 1215 quo
1029 1160 1140 1216 prius
1163 1161 1289 1202 suerit
1304 1160 1555 1216 judicatum.

417 1231 687 1274 CCXXXIV.
724 1231 875 1271 Jurare
898 1231 1019 1271 nobis
1044 1245 1120 1287 per
1151 1232 1305 1272 coelum
1328 1245 1412 1272 non
1442 1231 1568 1279 licet,
1596 1232 1710 1288 judi-

354 1317 451 1345 care
475 1303 525 1343 de
548 1302 635 1342 Deo
659 1300 802 1341 licet²:
830 1301 902 1341 sed
924 1300 1031 1341 Filio
1058 1307 1128 1341 tuo
1151 1301 1226 1341 soli
1254 1300 1462 1356 judicium
1493 1300 1545 1342 de
1578 1302 1710 1343 omni-

354 1373 432 1414 hus
456 1371 653 1414 detulisti.

414 1439 665 1483 CCXXXV.
700 1439 885 1481 ‘Ioannes
914 1454 1085 1480 carnem
1116 1439 1284 1481 Domini
1312 1440 1526 1497 baptizare
1549 1449 1710 1483 metue-

356 1512 441 1559 bat,
476 1511 660 1552 <Ioannes
690 1509 944 1565 prohibebat
972 1509 1114 1550 dicens
1138 1509 1276 1565 :aEgo
1302 1524 1322 1549 a
1347 1518 1384 1550 te
1413 1510 1547 1551 debeo
1569 1510 1708 1567 bapti-

353 1581 485 1628 nzari,
507 1589 549 1622 et
572 1588 616 1622 tu
643 1580 758 1622 venis
787 1580 839 1620 ad
866 1577 1003 1626 me³;»
1026 1587 1068 1621 et
1091 1593 1168 1635 ego
1191 1579 1406 1621 Christum
1431 1579 1590 1635 judicio
1612 1594 1707 1622 meo

354 1649 563 1692 subdam?

415 1718 687 1762 CCXXXVI.
724 1718 886 1775 Moyses
916 1725 1085 1760 excusat
1111 1718 1397 1760 sacerdotium
1416 1751 1426 1766 ‚
1449 1718 1598 1760 Petrus
1627 1718 1709 1761 im-

352 1797 545 1846 peratum
567 1789 609 1829 in
632 1788 864 1829 ministerio
887 1787 1069 1829 declinat
1097 1788 1350 1844 obsequium
1379 1802 1389 1829 :
1413 1788 1562 1830 Arrius
1590 1803 1706 1830 scru-

355 1867 465 1901 tatur
495 1858 621 1900 etiam
654 1859 733 1899 alta
759 1857 868 1898 Dei?
895 1857 978 1900 Sed
1001 1873 1086 1899 non
1109 1858 1256 1900 Arrius
1290 1858 1471 1915 Spiritus
1504 1865 1702 1915 sanetus:

353 1929 426 1970 sed
456 1928 578 1970 Arrio
608 1935 650 1970 et
675 1927 916 1970 hominibus
948 1927 1109 1970 dictum
1132 1937 1196 1970 est
1217 1943 1226 1970 ι
1244 1945 1260 1966 «
1276 1928 1435 1970 Altiora
1459 1935 1501 1969 te
1523 1942 1576 1969 ne
1597 1943 1706 1985 quae-

352 2017 368 2040 1>
383 1999 500 2041 sieris
513 1999 543 2041 ⁶.
559 2017 575 2037 ι)

413 2067 702 2112 CCXXXVII.
750 2069 913 2126 Moyses
949 2069 1112 2110 vultum
1155 2069 1326 2112 Domini
1364 2068 1616 2126 prohibetur
1649 2069 1707 2110 vi-

353 2139 494 2182 dere⁵:
523 2138 667 2180 Arrius
693 2139 848 2180 meruit
869 2139 1011 2180 vidore
1041 2147 1265 2181 secretum.
1295 2139 1457 2195 Moyses
1487 2146 1530 2180 et
1560 2136 1703 2179 Aaron

351 2209 393 2251 in
418 2209 706 2251 sacerdotibus
725 2209 820 2265 ejus
835 2241 844 2257 ‚
868 2209 1031 2266 Moyses
1049 2209 1119 2265 qui
1143 2224 1240 2251 cum
1264 2209 1448 2250 Domino
1467 2217 1640 2265 apparet
1662 2208 1703 2250 in

352 2279 504 2336 gloria;
537 2280 698 2336 Moyses
726 2293 826 2334 ergo
857 2279 925 2319 ille
961 2279 1192 2336 posteriora
1226 2280 1522 2321 tantummodo
1551 2278 1628 2320 Dei
1661 2278 1702 2319 in

353 2359 453 2406 typo
474 2349 577 2390 vidit
608 2365 616 2389 :
640 2349 786 2391 Arrius
805 2358 940 2390 totum
958 2349 1094 2390 Deum
1127 2349 1234 2391 socie
1263 2349 1313 2391 ad
1337 2347 1486 2390 faciem
1515 2361 1703 2404 eompre-

353 2419 511 2461 hendit.
539 2436 554 2456 ιι
569 2418 652 2460 Sed
673 2433 798 2461 nemo
813 2450 823 2467 ,
851 2419 1010 2475 inquit,
1035 2418 1176 2461 videre
1197 2427 1338 2477 potest
1363 2419 1515 2461 faciem
1537 2431 1698 2466 meam,

352 2497 422 2530 »et
443 2487 585 2530 vivite·
605 2507 618 2527 n

396 2601 403 2614 ¹
434 2592 509 2623 lsai.
538 2602 595 2627 vn.
616 2601 666 2628 ιι,
693 2597 725 2623 et
749 2601 839 2634 seqq.
860 2609 900 2615 -—
920 2601 932 2615 ¹
954 2592 1073 2624 Matth.
1089 2602 1117 2626 v.
1138 2592 1193 2630 54.
1211 2610 1251 2617 -
1269 2592 1349 2625 ³1d.
1370 2602 1420 2627 ιιι,
1442 2590 1489 2628 ¹4·
1509 2607 1549 2614 ·-
1567 2590 1579 2617 4
1597 2585 1698 2620 Eccli-

347 2657 404 2682 ιιι,
424 2656 473 2676 22.
487 2662 527 2670 —
544 2647 556 2667 ⁵
579 2645 678 2678 Exodi
697 2645 882 2681 xxx111,25.
900 2663 938 2669 --
953 2645 967 2667 θ
985 2645 1072 2677 lbid.
1092 2656 1141 2677 20.

1743 3197 1749 3283 ---..
1744 3116 1751 3186 ”-
1747 3104 1750 3110 .
1746 2970 1752 3089 —-.—-.
