1806 3256
554 305 604 330 DE
639 305 747 335 FIDE,
782 305 859 330 Lm.
901 305 925 330 Ι.
1363 308 1409 334 21

81 379 159 420 «Et
175 378 285 420 Deus
302 386 391 420 erat
411 377 611 420 Verbum.
631 397 646 415 n
663 378 752 420 Non
776 394 874 434 ergo
898 379 936 419 in
955 379 1190 435 prolatione
1213 381 1418 422 sermonis

69 448 152 491 hoc
181 449 362 490 Verbum
386 456 467 500 est,
490 449 617 489 sedin
638 449 704 489 illa
729 450 908 490 coelcstis
926 449 1214 505 designatione
1238 450 1417 498 virtutis,

68 524 115 558 ut
136 517 376 558 consuletur
397 518 612 559 Photinus.
644 519 769 569 Quod
795 532 890 558 vcro
913 526 1002 559 orat
1020 518 1062 559 in
1080 519 1285 576 principio
1309 523 1420 577 apud

67 588 200 629 Deum
217 620 227 635 ‚
257 589 520 644 sempiternae
547 588 783 629 Divinitatis
809 588 850 628 in
872 589 994 630 Patre
1016 596 1057 629 ot
1080 589 1184 630 Filio
1213 589 1421 647 insepara-

69 657 162 698 bilis
185 657 322 698 unitas
349 658 576 704 edocetur,
603 666 649 698 ut
671 658 893 699 crubescat
917 658 1166 699 Eunomius.
1199 658 1418 702 Postremo

70 740 165 767 cum
184 725 325 767 omnia
343 741 417 783 per
432 726 566 782 ipsum
586 726 691 768 saeta
714 728 872 775 dicant,
894 727 981 784 ipse
999 728 1195 769 conditor
1217 729 1319 771 Novi
1343 730 1419 770 uti-

69 811 150 852 que
171 796 426 838 Testamenti
450 804 491 836 ct
514 795 674 837 Veteris
706 797 970 853 designatur-3
1000 805 1046 837 ut
1073 797 1327 839 Manichaeus
1356 799 1417 840 lo-

71 880 168 907 cum
189 866 426 906 tentationis
452 866 606 907 habore
630 881 711 907 non
736 867 880 922 possit.
906 867 964 907 Ita
980 867 1173 923 *piscator
1196 869 1331 909 bonus
1354 868 1419 909 in-

72 944 132 976 tra
147 950 276 976 unum
296 950 441 976 omnes
460 943 545 976 reto
565 937 791 983 conclusit3
808 945 852 978 ut
870 936 1026 979 faceret
1044 936 1248 979 inhabiles
1266 937 1418 986 fraudi,

70 1006 256 1062 quamvis
277 1014 415 1047 essent
437 1005 603 1048 inutiles
629 1006 825 1062 captioni.

65 1189 184 1201 §ww-
192 1189 307 1200 mem*-
314 1190 431 1201 §mvn-x
438 1189 555 1200 §cusu
562 1189 619 1200 a!
626 1188 1110 1201 ωωςιςψιῆμῆωιῄω
1120 1189 1298 1200 ωςιῆιιπ
1305 1189 1426 1202 ”³22-

603 1314 778 1357 CAPUT
809 1314 883 1357 IX.

62 1474 299 1517 Hoeretioos
335 1474 576 1531 interrogat
611 1472 650 1513 V
653 1477 691 1514 ἰν
733 1483 928 1521 sanctus,
963 1482 1210 1526 ostensoque
1239 1473 1418 1515 illorum

121 1545 398 1602 responsione
415 1578 423 1592 ‚
443 1560 528 1599 qua
553 1544 719 1585 Filiam
741 1544 1058 1599 omniquidem
1084 1553 1273 1598 tempore
1301 1546 1420 1598 prlo-

121 1630 242 1662 rem,
282 1614 414 1656 Patro
443 1624 590 1655 autem
608 1614 896 1670 posteriorem
918 1628 1003 1654 esse
1029 1611 1342 1669 affirmabant,
1371 1615 1420 1654 in

122 1685 264 1728 Deum
288 1684 442 1725 induci
466 1685 755 1725 mutationmn
772 1716 782 1732 ,
807 1683 1097 1725 (eternitatem
1122 1682 1295 1740 utrique
1318 1699 1422 1739 pm·-

120 1768 236 1796 sonoe
257 1752 542 1795 tribuendam
563 1753 744 1811 colligit.

121 1914 264 1958 LVIII.
300 1915 378 1957 Dic
410 1914 536 1962 mihi,
566 1915 763 1957 haeretice
780 1947 791 1963 ,
821 1916 891 1957 dat
913 1914 1026 1957 enim
1051 1915 1215 1957 veniam
1240 1916 1422 1957 elomen-

67 1984 247 2027 tissimus
264 1983 506 2040 imperator,
531 1993 576 2025 ut
599 1992 639 2025 te
661 1999 745 2025 non
766 1984 1041 2040 colloquendi
1064 1984 1205 2025 studio
1223 2016 1234 2032 ,
1258 1999 1336 2025 nce
1355 1999 1425 2025 au-

66 2055 207 2097 diendi
231 2054 485 2111 cupiditate,
515 2055 588 2095 sod
609 2054 845 2110 exponendi
877 2055 1006 2110 gratia
1024 2085 1035 2101 ,
1073 2055 1285 2110 paulisper
1323 2056 1420 2096 ailo·

66 2139 170 2181 quar
198 2139 207 2165 :
244 2123 310 2166 dic
341 2124 471 2171 mihi,
507 2124 702 2180 inquam,
724 2122 878 2164 suit-nc
903 2124 1128 2179 aliquando
1152 2132 1318 2181 tempus
1342 2139 1424 2180 quo

67 2194 332 2251 omnipotens
348 2193 460 2235 Deus
477 2194 598 2235 Pater
619 2208 703 2234 non
720 2202 834 2241 erat,
859 2201 899 2234 et
923 2194 1036 2234 Deus
1061 2194 1185 2235 erat?
1208 2195 1392 2250 Tempus
1410 2226 1420 2243 ,

69 2264 228 2320 inquis,
252 2278 336 2305 non
356 2271 508 2306 astruo.
535 2265 650 2306 Bene
667 2273 709 2307 et
732 2273 891 2320 argute.
913 2263 957 2305 Si
978 2263 1090 2305 enim
1118 2272 1285 2320 tempus
1313 2264 1424 2305 dixe·

69 2334 123 2375 ris
144 2341 185 2375 te
206 2333 294 2390 ipse
313 2333 536 2376 convinces
558 2350 567 2374 ε
589 2335 684 2390 quia
704 2350 874 2377 necesse
892 2342 956 2376 est
974 2348 1130 2376 asseras
1161 2333 1289 2375 fuisse
1318 2339 1440 2375 tom-v

69 2420 145 2461 pus
160 2413 256 2446 ante
270 2405 441 2454 Filium,
457 2421 553 2448 cum
572 2406 700 2448 Filius
722 2406 920 2464 temporis
939 2414 1087 2448 auctor
1105 2403 1158 2446 sit
1180 2412 1221 2446 et
1239 2412 1428 2451 creator;

70 2490 153 2516 non
174 2483 311 2532 potest
330 2476 440 2518 enim
458 2485 550 2534 post
570 2491 674 2533 opus
697 2492 818 2518 suum
842 2476 1139 2534 ipsecoepisse3
1167 2489 1339 2517 necesse
1362 2483 1427 2515 cst

71 2543 195 2601 igitur
216 2554 431 2588 auctorem
449 2547 585 2604 operis
610 2547 672 2588 sui
692 2562 782 2589 esse
801 2547 980 2590 fatearis.

129 2613 233 2657 LlX.
271 2614 379 2657 Ante
418 2624 632 2674 tempora,
667 2617 827 2673 inquis,
856 2631 939 2658 non
980 2630 1086 2674 nego
1130 2613 1283 2658 Filium
1314 2628 1322 2655 :
1353 2613 1426 2658 sed
