1768 3283
490 292 541 318 ωε
573 290 682 325 rma,
716 290 794 318 Lm.
834 291 870 318 v.
1292 278 1370 334 257

31 368 315 426 quotidianam
338 376 685 424 poenammetnat‚
700 374 930 424 nonpotest
957 366 1005 407 ab
1026 367 1288 410 adulterandi
1307 386 1376 411 cu-

30 440 202 498 piditate
225 439 444 480 desinere:
473 453 551 479 nee
577 439 681 478 latro
708 439 976 479 obsessorum
1009 440 1190 480 saltuum
1216 450 1374 482 secreta

32 513 244 558 deserere,
271 509 347 550 nisi
368 508 470 550 sciat
491 508 568 549 sihi
592 509 815 549 momentis
835 508 1029 549 omnibus
1044 509 1264 551 imminere
1287 526 1380 567 sup-

32 582 218 639 plicium.
249 580 504 635 Plerumque
526 580 638 621 enim
668 579 818 635 quibus
844 579 1100 621 incentivum
1123 589 1185 623 est
1208 581 1385 639 impuni-

34 660 94 695 tas
109 684 121 701 ‚
146 652 272 693 timor
289 649 412 693 taedio
433 658 509 691 est.

93 722 242 765 CCXI.
281 723 378 763 Ideo
409 736 508 778 ergo
543 721 626 763 dixi
653 722 748 778 quia
784 721 892 763 scire
921 737 1006 764 non
1038 724 1256 779 proderat,
1301 723 1386 765 inin

33 794 234 851 proderat
250 792 468 848 ignorare3
494 799 541 832 ut
564 791 802 846 ignorantes
826 792 1086 840 timeremus,
1107 801 1151 834 ut
1167 793 1389 835 observan-

38 873 100 907 tes
123 864 460 909 emendaremur,
499 861 608 902 sieut
643 861 730 917 ipse
755 861 857 902 dixit
878 878 885 900 :
912 878 927 899 α
947 861 1090 903 Estote
1115 864 1271 919 parati,
1294 865 1389 919 quia

37 933 234 976 »nescitis
257 947 338 988 qna
362 931 465 973 hora
491 930 621 972 Filius
656 930 837 971 hominis
869 939 1068 972 venturus
1087 931 1194 973 est¹.
1224 950 1238 970 »
1267 932 1390 975 Nam-

37 1018 118 1060 que
138 1002 258 1045 miles
276 1001 354 1043 nisi
377 1001 535 1043 bellum
558 1000 598 1041 in
620 1000 812 1041 manibus
835 1015 925 1041 esse
944 1009 1190 1057 cognoscat,
1220 1010 1393 1059 praeten-

39 1074 138 1116 dere
161 1088 246 1114 non
269 1071 385 1113 novit
407 1071 447 1112 in
473 1070 632 1112 castris.

100 1143 266 1186 CCXII.
304 1143 420 1185 Unde
445 1142 542 1183 alibi
578 1155 748 1197 quoque
779 1140 866 1197 ipse
884 1141 1088 1183 Dominus
1113 1142 1391 1200 interrogatus

41 1214 90 1256 ab
107 1212 317 1270 Apostolis
333 1243 342 1259 ‚
368 1212 537 1266 inquam
555 1244 565 1260 ,
591 1212 662 1267 qui
681 1212 826 1266 utique
843 1226 926 1252 non
945 1212 1053 1253 sieut
1076 1212 1221 1254 Arrius
1245 1213 1397 1255 inte-Ili-

41 1285 194 1342 gebant
214 1317 224 1332 ‚
247 1284 319 1325 sed
339 1282 493 1324 Filium
512 1281 586 1322 Dei
609 1281 748 1322 futura
767 1281 874 1323 seire
892 1281 1157 1330 credebant3
1185 1298 1281 1324 nam
1320 1283 1396 1325 nisi

42 1355 122 1398 hoc
147 1353 445 1401 credidissent,
470 1366 686 1407 nunquam
721 1352 1049 1408 interrogassent
1073 1368 1080 1393 :
1114 1353 1395 1411 interrogatus

42 1440 141 1482 ergo
181 1423 352 1480 quando
379 1422 620 1463 restitueret
651 1436 826 1478 regnum
864 1422 1013 1470 Israel,
1046 1437 1133 1464 non
1161 1438 1203 1465 se
1233 1424 1398 1465 nescire

44 1495 171 1543 dixit,
195 1495 268 1536 sed
291 1493 347 1534 ait
367 1506 377 1534 ε
407 1510 422 1530 «
440 1492 531 1534 Non
554 1501 616 1534 est
637 1500 821 1533 vestrum
845 1491 952 1533 scire
973 1501 1161 1549 tempora
1182 1501 1223 1534 et
1247 1509 1394 1543 annos,

43 1579 164 1622 »quae
187 1564 308 1606 Pater
329 1562 469 1620 posuit
488 1562 529 1603 in
553 1577 624 1603 sua
642 1570 848 1618 potestate
864 1561 895 1604 ².
919 1580 933 1600 n
958 1562 1140 1605 Attende
1155 1564 1258 1619 'quid
1283 1564 1399 1605 dixe·

42 1635 127 1678 rit:
156 1636 281 1677 «Non
310 1642 371 1676 est
401 1642 584 1675 vestrum
621 1633 743 1675 seire.
774 1651 788 1671 n
816 1633 926 1689 Lege
959 1633 1134 1683 iterum,
1172 1651 1186 1672 α
1210 1635 1301 1677 Non
1338 1644 1401 1679 est

43 1714 275 1748 westrum.
314 1704 507 1747 Vestrum
536 1722 551 1742 n
575 1703 702 1751 dixit,
728 1719 836 1752 non,
867 1719 1037 1752 meum,·
1066 1704 1149 1761 jam
1175 1705 1286 1747 enim
1315 1722 1400 1748 non

46 1777 279 1819 secundum
321 1774 650 1831 perfectionem,
681 1775 754 1815 sed
774 1775 1010 1815 seeundum
1045 1776 1285 1831 profectum
1324 1778 1400 1819 hu-

46 1847 159 1890 mani
183 1844 370 1903 corporis
401 1859 447 1886 ac
470 1852 621 1886 nostrae
648 1844 795 1886 animae
823 1845 1088 1901 loquebatur.
1118 1863 1133 1884 «
1156 1846 1349 1889 Vestrum
1373 1867 1388 1886 »

47 1933 146 1976 ergo
172 1918 304 1966 dixit,
324 1931 407 1959 non
422 1949 432 1964 ,
452 1931 610 1958 meum.

107 1987 291 2030 CCXIII.
331 1987 458 2038 Quod
484 1994 526 2028 et
550 1987 775 2042 Apostolus
799 1995 969 2028 secutus
991 2002 1000 2028 t
1019 1987 1106 2029 «De
1137 1989 1397 2045 temporibus

49 2076 64 2098 n
79 2066 217 2100 autem
235 2065 277 2098 et
298 2056 522 2098 momentis
541 2088 549 2100 ‚
580 2055 727 2097 fratres
745 2089 753 2104 ,
778 2071 861 2097 non
883 2057 1045 2099 habetis
1061 2089 1071 2105 ,
1102 2058 1260 2113 inquit,
1294 2076 1398 2117 opus

50 2136 126 2170 »ut
147 2127 266 2169 vobis
288 2124 563 2168 scribamus³.
588 2144 602 2164 »
625 2126 770 2182 Itaque
794 2141 845 2167 ne
873 2125 1098 2183 Apostolus
1116 2129 1285 2184 quidem
1311 2131 1398 2187 ipse

52 2197 206 2240 Christi
235 2212 376 2238 servus
407 2195 509 2237 dixit
532 2211 574 2237 se
598 2196 761 2237 nescire
797 2205 1006 2238 momenta
1027 2229 1036 2244 ,
1074 2199 1147 2239 sed
1176 2214 1260 2239 non
1293 2215 1397 2257 opus

50 2283 138 2311 esse
162 2267 302 2310 doceri
325 2267 525 2323 populum
542 2298 550 2313 ‚
577 2267 648 2322 qni
671 2282 836 2323 semper
855 2267 1110 2323 spiritalibus
1126 2270 1399 2313 munimentis

53 2354 142 2381 esse
161 2339 287 2381 debet
310 2346 492 2380 armatus
510 2354 520 2386 3
547 2346 591 2379 ut
612 2338 744 2379 virtus
762 2338 917 2379 Christi
953 2338 993 2380 in
1023 2354 1275 2397 unoquoque
1291 2357 1399 2399 prce-

52 2412 209 2453 tendat.
230 2412 335 2451 Cum
356 2417 495 2450 autem
524 2408 627 2449 dicit
646 2407 851 2450 Dominus
873 2423 882 2449 :
908 2427 922 2446 «
946 2408 1006 2450 De
1025 2411 1286 2466 temporibus
1307 2428 1399 2468 quae

0 2475 2 2480 ¹
54 2481 205 2523 »Pater
228 2478 368 2538 posuit
393 2479 433 2520 in
456 2493 530 2520 sua
550 2486 781 2535 potestate,
800 2496 815 2517 n
839 2479 985 2534 utique
1013 2494 1097 2520 non
1124 2488 1263 2537 potest
1280 2497 1401 2525 exors

54 2567 143 2595 esse
163 2550 346 2594 scientiae
371 2558 552 2607 paternae
568 2580 578 2598 ‚
604 2548 725 2604 cujus
753 2563 1018 2604 nequaquam
1037 2564 1158 2592 exors
1182 2559 1245 2593 est
1264 2560 1402 2609 potes-

103 2651 111 2667 ¹
135 2642 255 2676 Manli.
277 2640 493 2682 xx1v‚6¹‡.--
513 2647 524 2664 ‘
548 2641 768 2683 Act.1,5.·-
792 2642 804 2664 ³
823 2651 832 2672 1
855 2640 963 2673 Thess.
986 2650 1013 2677 v.
1034 2650 1059 2673 ¹.

210 2712 290 2739 mx.
744 2704 747 2707 ’
1247 2712 1293 2755 ¹7
