1768 3283
357 253 439 294 380
915 269 945 295 s.
986 271 1175 296 aunuum
1735 233 1745 292 ll

355 343 490 385 unitas
515 343 728 401 largitatis.
752 344 856 387 Nam
875 344 907 386 si
933 344 1278 388 constitutionem
1304 361 1469 404 separes
1494 355 1536 389 et
1558 356 1700 404 potes-

355 421 485 456 tatem
503 445 514 463 ,
538 429 629 471 quae
652 423 741 456 erat
761 429 885 456 causa
907 423 952 457 ut
969 429 1071 471 quos
1098 426 1295 472 posuerat
1311 417 1533 474 Apostolos
1556 417 1701 459 Chris-

355 491 448 531 tus,
483 492 658 540 poneret
685 485 798 526 Deus
836 485 983 532 Pater,
1011 494 1187 542 poneret
1219 494 1260 527 et
1294 486 1472 543 Spiritus
1506 495 1700 535 sanctus;

358 552 437 594 nisi
463 552 569 593 sorte
598 560 644 594 ut
666 552 858 594 homines
888 561 1088 609 tanquam
1118 554 1160 595 in
1197 555 1408 597 consortio
1434 555 1704 613 possessionis

357 630 427 663 aut
454 621 557 677 juris
597 621 890 678 praejudicium
918 623 1208 664 verebantur?
1230 624 1281 665 Et
1311 624 1407 665 ideo
1443 624 1707 665 dividebatur
1766 612 1768 653 Ῑ

359 691 573 748 operatio,
601 690 932 733 distribuebatur
961 692 1198 748 imperium.

422 762 561 804 CLIII.
600 762 698 804 Haec
716 761 825 803 inter
843 762 951 818 ipsos
969 762 1161 803 homines
1177 770 1347 818 angusta
1368 767 1464 804 sunt
1480 761 1706 811 etminuta,

359 833 430 891 qui
453 834 702 890 plerumque
731 841 869 873 tamen
895 833 1056 874 etiamsi
1077 833 1319 889 operatione
1344 849 1426 875 non
1449 842 1707 889 congruunt,
1748 842 1752 852 ’

365 911 605 961 congruunt
650 903 877 944 voluntate.
925 903 1039 944 Unde
1078 903 1247 959 quidam
1285 904 1567 959 interrogatus
1611 903 1712 959 quid
1751 954 1754 959 ,

365 975 524 1016 amicus
547 981 654 1014 esset
677 987 685 1013 ε
707 972 839 1020 Alter,
866 973 1020 1028 inquit,
1052 973 1162 1029 ego¹.
1194 973 1234 1014 Si
1259 990 1355 1030 crgo
1375 974 1503 1015 homo
1529 973 1713 1015 amicum
1750 973 1754 982 ’

364 1043 418 1085 ita
442 1042 628 1084 definivit
645 1073 655 1088 ,
677 1050 724 1083 ut
747 1044 924 1083 alterum
945 1057 988 1083 se
1006 1058 1094 1084 esse
1119 1043 1299 1089 diceret,
1327 1059 1401 1099 pm·
1426 1044 1628 1085 unitatem
1656 1043 1715 1084 vi·

367 1113 520 1155 delicet
543 1112 696 1153 amoris
710 1120 751 1153 et
769 1112 927 1167 gratiae3
955 1122 1112 1168 quanto
1134 1114 1265 1169 magis
1290 1114 1328 1154 in
1352 1115 1472 1155 Patre
1494 1123 1535 1156 et
1551 1113 1656 1156 Filio
1675 1120 1716 1154 et

367 1183 525 1240 Spiritu
558 1190 704 1224 sancto
739 1182 944 1224 unitatem
979 1182 1208 1238 majestatis
1251 1184 1457 1224 :estimare
1489 1184 1714 1231 debemus,

369 1268 464 1295 cum
488 1268 561 1310 per
578 1251 767 1294 eamdem
793 1253 1080 1309 operationem
1106 1268 1152 1294 ac
1171 1253 1438 1295 Divinitatem
1463 1255 1526 1295 vel
1555 1254 1690 1295 unitas
1708 1286 1717 1299 .

368 1325 434 1365 vel
455 1332 569 1364 certe
587 1322 628 1363 id
645 1323 757 1378 quod
773 1322 954 1378 ‚amplius
969 1332 1057 1370 est,
1078 1329 1254 1367 ταυτότης
1272 1323 1379 1364 sicut
1397 1338 1529 1380 graece
1548 1323 1718 1370 dicitur,

370 1392 661 1449 exprimatur?
692 1399 805 1434 vam-b
836 1392 947 1434 enim
971 1393 1081 1434 idem
1113 1393 1343 1449 significat;
1380 1408 1428 1433 eo
1459 1394 1571 1448 quod
1607 1392 1718 1433 idem

371 1463 525 1505 habeat
545 1471 586 1504 et
603 1463 725 1505 Pater
736 1472 777 1505 et
793 1463 921 1505 Filius
940 1472 981 1505 et
1000 1463 1179 1520 Spiritus
1196 1471 1388 1510 sanctus3
1412 1471 1457 1504 ut
1471 1463 1580 1503 idem
1599 1463 1720 1509 velle,

371 1542 412 1576 et
435 1534 546 1575 idem
567 1549 686 1591 posse
705 1549 788 1576 non
810 1550 861 1576 ex
879 1534 1104 1576 affectione
1123 1534 1176 1576 sit
1196 1534 1442 1581 voluntatis,
1469 1534 1542 1575 sed
1565 1533 1605 1574 in
1630 1533 1724 1574 sub-

376 1604 526 1646 stantia
549 1604 776 1646 Trinitatis.

437 1673 572 1715 CLIV.
611 1676 707 1715 Haec
723 1682 785 1715 est
803 1673 1040 1730 apostolicae
1059 1672 1158 1714 fidei
1175 1681 1215 1713 et
1235 1672 1466 1714 dovotionis
1490 1671 1725 1717 haereditas,
1761 1671 1768 1721 i

379 1758 502 1800 quam
527 1743 627 1785 licet
650 1752 691 1784 et
715 1758 766 1784 ex
791 1743 980 1799 ipsorum
1009 1742 1307 1798 Apostolorum
1332 1742 1596 1782 considerare
1619 1740 1728 1782 Acti·
1762 1736 1768 1790 'f

379 1814 470 1855 bus.
504 1814 738 1855 Paruerunt
765 1827 863 1869 ergo
891 1813 1045 1853 Paulus
1081 1820 1122 1853 et
1149 1811 1361 1852 Barnabas
1390 1811 1522 1851 sancti
1551 1810 1729 1866 Spiritus
1765 1820 1768 1849 i

382 1884 606 1941 imperatis.
639 1884 875 1925 Paruerunt
904 1890 945 1923 et
979 1897 1124 1924 omnes
1157 1882 1368 1936 Apostoli,
1406 1881 1631 1937 statimqne
1658 1895 1731 1921 eos

382 1968 486 2009 quos
504 1953 683 2010 separari
707 1953 884 2008 jusserat
904 1952 1108 2008 SpirituS‚
1134 1951 1431 1992 ordinaverunt
1457 1967 1497 1989 2«
1513 1950 1729 2006 Separate,
1766 1974 1768 1979 ‹

382 2024 564 2080 »inquit.
604 2023 708 2064 mihi
740 2023 915 2065 Paulum
946 2030 987 2063 et
1020 2020 1303 2063 Barnaban12.
1325 2039 1339 2058 »
1365 2020 1520 2061 Videtis
1548 2019 1734 2075 jubentis

385 2093 635 2150 imperium?
653 2092 848 2150 Spectate
872 2092 1021 2133 merita
1043 2091 1327 2131 servientium.

446 2162 563 2206 CLV.
610 2163 796 2204 Credidit
824 2163 997 2209 Paulus3
1033 2170 1073 2201 et
1104 2160 1197 2215 quia
1235 2159 1438 2205 credidit,
1479 2157 1614 2199 studia
1647 2172 1736 2213 por-

387 2234 589 2275 secutoris
620 2232 797 2288 abjecit,
828 2246 1029 2273 coronam
1061 2229 1229 2286 justitia}
1266 2229 1505 2286 reportavit.
1545 2227 1736 2268 Credidit

391 2304 459 2344 ille
492 2303 563 2358 qui
591 2301 798 2343 Ecclesias
830 2299 1112 2341 devastabat³:
1145 2301 1215 2339 sod
1249 2313 1474 2339 conversus
1509 2297 1560 2338 ad
1581 2296 1730 2343 fidem,

390 2371 643 2430 praedicabat
670 2371 710 2411 in
733 2369 906 2426 Spiritu,
939 2370 1050 2425 quod
1070 2368 1246 2423 Spiritus
1271 2368 1515 2422 imperabat.
1546 2365 1739 2422 Ungcbat

392 2443 590 2484 athletam
613 2455 734 2481 suum
773 2440 973 2496 Spiritus,
1003 2447 1044 2480 et
1076 2439 1246 2495 pulvere
1282 2437 1502 2493 impietatis
1528 2449 1702 2476 excusso
1724 2466 1734 2482 ,

395 2513 694 2553 debellatorem
728 2508 958 2551 infidelium
1004 2507 1316 2549 ineluctabilem
1359 2505 1479 2548 variis
1517 2506 1741 2562 impiorum

442 2611 449 2626 ¹
469 2602 594 2634 Cicero.
609 2601 822 2634 deAmivitia.
842 2619 881 2624 —
902 2610 912 2624 ²
935 2603 993 2633 Act
1022 2610 1095 2639 xm,
1110 2599 1140 2636 4.
1157 2616 1195 2621 -
1216 2601 1227 2622 3-
1245 2598 1292 2629 ld.
1314 2609 1359 2635 ιι,
1383 2609 1431 2634 20,
1455 2602 1487 2631 et
1502 2607 1593 2639 seqq.
