1768 3283
355 281 439 336 432
925 299 954 326 5.
995 298 1188 327 AMBnosu

357 397 373 415 »
390 376 595 424 Creatori,
617 376 687 432 qui
705 384 767 417 cst
788 376 901 418 Deus
918 377 1167 418 benedictus
1189 376 1230 417 in
1249 376 1441 419 saecula'.
1457 376 1595 419 »Deus
1614 391 1712 434 quo-

362 462 442 502 que
459 461 543 488 non
563 447 707 488 adorat
723 478 732 493 ‚
759 447 832 487 sed
856 447 1075 493 adoratum
1096 446 1192 501 quia
1211 446 1414 503 scriptum
1433 455 1495 488 est
1515 461 1523 487 :
1541 465 1555 485 α
1573 447 1715 489 Domi--

361 534 375 556 n
391 532 491 558 num
514 517 650 558 Deum
674 524 794 556 tuum
821 516 1037 564 adorabis,
1063 523 1103 557 et
1126 515 1184 557 itti
1207 516 1283 557 soli
1300 515 1525 558 servies2.»

422 586 654 628 CXXXVI.
704 585 1028 627 Consideremus
1061 599 1160 642 ergo
1193 594 1333 627 utrum
1369 586 1521 627 horum
1560 586 1715 642 aliquid

364 656 515 698 habeat
531 655 709 711 Spiritus
729 663 915 703 sanctus,
942 670 1032 711 quae
1052 655 1339 697 testimonium
1364 656 1538 698 afferant
1560 656 1717 698 Divini-

367 725 473 766 tatis.
511 725 697 767 Primum
732 725 857 781 igitur
889 726 939 766 de
968 740 1017 766 eo
1052 733 1310 774 tractemus,
1346 726 1441 782 quia
1473 741 1598 767 nemo
1629 726 1717 768 sine

366 803 539 853 peccato
568 795 645 837 nisi
675 811 782 837 unus
817 797 928 836 Deus
960 811 968 837 :
1001 804 1043 837 et
1074 796 1284 853 exigamus
1318 805 1364 838 ut
1395 798 1573 838 doceant
1606 798 1718 853 quod

367 873 590 923 peccatum
614 865 767 906 habeat
790 865 969 922 Spiritus
993 873 1175 907 sanctus.

427 935 680 978 CXXXVII.
719 936 803 977 Sed
833 937 985 976 docere
1015 950 1099 976 non
1130 944 1323 992 possunt,
1352 944 1394 977 et
1426 936 1718 979 auctoritatem

368 1006 603 1062 requirunt,
626 1014 671 1046 ut
689 1006 869 1046 lectione
893 1007 1136 1054 doceamus,
1158 1006 1254 1061 quia
1277 1020 1359 1047 non
1383 1006 1571 1063 peccavit
1589 1005 1719 1062 Spiri-

371 1085 435 1118 tus
457 1085 650 1123 sanctus3
673 1075 779 1119 sicut
798 1076 849 1116 de
867 1075 974 1116 Filio
995 1077 1150 1116 lectum
1171 1084 1259 1124 est,
1280 1075 1374 1131 quia
1393 1085 1614 1133 peccatum
1636 1091 1718 1117 non
1760 1102 1763 1107 ·

370 1146 509 1188 fecit³.
533 1147 583 1188 Et
603 1145 683 1187 hoc
707 1146 914 1203 accipiant
941 1145 1257 1202 Scripturarun‘i
1280 1146 1528 1188 auctoritate
1547 1161 1623 1189 nos
1646 1148 1720 1188 do-

371 1231 488 1264 cere,
513 1216 715 1273 scriptum
745 1225 807 1258 est
830 1216 942 1257 enim
964 1230 973 1256 ε
993 1234 1007 1252 ιι
1026 1215 1134 1266 Quia
1158 1215 1198 1256 in
1221 1214 1433 1271 Sapientia
1455 1224 1517 1257 est
1544 1215 1721 1272 Spiritus
1756 1227 1758 1258 ζ

372 1286 685 1343 »intelligentiae
700 1320 709 1335 ,
744 1291 912 1328 sanctus
947 1285 1094 1327 unicus
1110 1319 1120 1335 ,
1143 1286 1383 1341 multiplex,
1403 1285 1563 1327 subtilis
1580 1319 1590 1334 ,
1615 1286 1722 1328 hene

370 1375 385 1396 >2
401 1357 591 1406 mobilis,
624 1358 800 1399 disertus
817 1390 826 1406 ‚
862 1358 1156 1398 immaculatus
1176 1356 1204 1398 Δ.
1231 1375 1245 1395 »
1267 1357 1590 1399 Immaculatum
1623 1356 1721 1398 dicit

373 1428 589 1485 ScriPtura
619 1442 628 1468 ε
655 1428 862 1484 numquid
890 1427 1064 1469 mentita
1093 1435 1154 1469 est
1185 1428 1235 1468 de
1252 1427 1384 1478 Filio,
1412 1435 1456 1468 ut
1483 1429 1533 1469 de
1563 1427 1721 1484 Spiritu

372 1497 515 1539 credas
529 1513 616 1539 esse
642 1497 887 1539 mentitam?
903 1497 1015 1539 Dixit
1036 1497 1149 1539 euim
1165 1497 1372 1554 Propheta
1394 1497 1434 1538 in
1455 1498 1605 1539 eodem
1626 1498 1718 1539 loco

371 1567 421 1609 de
445 1567 653 1624 Sapientia
669 1600 678 1616 ,
705 1567 799 1623 quia
821 1567 925 1608 nihil
946 1568 1209 1608 maculosum
1227 1566 1267 1607 in
1287 1566 1398 1608 illam
1415 1566 1603 1608 incurrit0
1628 1567 1718 1622 Ipsa

371 1638 637 1680 immaculata
668 1647 755 1686 est,
790 1647 831 1679 et
853 1637 1146 1679 immaculatus
1174 1637 1265 1693 ejus
1293 1645 1354 1678 est
1383 1637 1574 1695 Spiritus.
1611 1638 1721 1695 Ergo

374 1708 407 1750 si
429 1716 649 1765 peccatum
673 1723 757 1749 non
785 1707 913 1749 habet
936 1707 1137 1764 Spiritus,
1166 1709 1279 1749 Deus
1301 1716 1376 1749 est.

435 1777 709 1820 CXXXVIII.
738 1778 820 1819 Sed
837 1779 1050 1833 quomodo
1071 1792 1166 1819 reus
1184 1785 1425 1834 potestesse
1444 1777 1608 1834 peccati
1622 1809 1633 1826 ,
1653 1776 1724 1833 qui

375 1848 501 1889 donat
519 1848 605 1905 ipse
622 1856 793 1904 peccata
809 1848 826 1888 Ρ
842 1848 950 1905 Ergo
969 1855 1192 1904 peccatum
1211 1863 1294 1888 non
1314 1847 1412 1889 fecit
1432 1862 1440 1888 ε
1462 1856 1503 1889 et
1520 1847 1617 1903 quia
1635 1847 1726 1889 sine

374 1927 549 1975 peccato
574 1928 658 1966 est,
690 1927 881 1960 creatura
905 1933 987 1960 non
1009 1926 1084 1960 est.
1112 1918 1259 1960 Omnis
1277 1917 1388 1958 enim
1410 1925 1601 1959 creatura
1625 1931 1718 1973 pec·
1753 1923 1754 1928 ’

378 1995 567 2030 catorum
593 1988 814 2045 capacitati
834 1988 1011 2030 obnoxia
1036 1997 1097 2029 est
1119 2003 1127 2028 :
1155 1988 1241 2029 sola
1262 1995 1399 2028 autem
1424 1995 1483 2028 est
1507 2001 1527 2027 a
1552 1994 1724 2043 peccato
1753 2018 1754 2029 ,

372 2057 569 2099 immunis
586 2066 626 2100 et
650 2059 917 2100 immaculata
944 2058 1197 2115 sempiterna
1222 2057 1436 2099 Divinitas.

436 2128 677 2171 CXXXIX.
715 2129 833 2171 Nunc
857 2129 1071 2170 videamus
1095 2137 1236 2169 utrum
1256 2136 1430 2184 peccata
1449 2128 1575 2169 donet
1593 2125 1724 2183 Spiri-
1752 2170 1753 2174 J

376 2207 454 2240 tus.
483 2198 563 2240 Sed
583 2199 649 2239 hic
673 2199 852 2240 dubitari
880 2214 962 2240 non
982 2207 1144 2255 potest,
1167 2213 1263 2239 cuin
1287 2198 1374 2255 ipse
1392 2198 1593 2239 Dominus
1617 2197 1727 2238 dixe·
1752 2190 1759 2247 J

374 2268 427 2309 rit
453 2282 462 2308 ε
486 2285 501 2306 <1
526 2267 715 2325 Accipite
753 2267 955 2324 Spiritum
989 2277 1182 2310 sanctum
1219 2283 1227 2308 :
1266 2282 1445 2324 quorum
1482 2265 1724 2308 remiseritis

377 2346 602 2395 »peccate«,
629 2339 798 2380 remissa
820 2339 985 2380 erunt⁵.
1002 2339 1140 2380 »Ecce
1163 2338 1259 2393 quia
1284 2353 1357 2394 per
1379 2336 1578 2394 Spiritum
1603 2350 1724 2377 sanc-
1751 2367 1757 2385 ,-

377 2416 465 2448 tum
498 2417 669 2464 peccata
703 2410 924 2450 donantur.
964 2408 1162 2449 Homines
1196 2417 1335 2448 autem
1369 2407 1409 2447 in
1438 2405 1724 2447 remissionem
1751 2412 1757 2465 J

377 2486 648 2534 peccatorum
663 2478 942 2520 ministerium
966 2493 1086 2520 suum
1107 2477 1323 2525 exhibent,
1353 2491 1436 2519 non
1459 2476 1523 2531 jus
1547 2473 1722 2531 alicujus

420 2589 428 2602 ¹
455 2580 655 2617 n01n.1‚23.
670 2600 705 2606 —-
728 2592 739 2606 ²
758 2583 854 2616 Deut.
872 2582 1035 2616 v1.15.-
1056 2582 1069 2603 3
1090 2591 1101 2610 1
1123 2579 1210 2612 Petr.
1234 2590 1272 2619 ιι,
1290 2591 1339 2612 22.
1356 2597 1393 2604 -
1413 2581 1425 2607 ⁴
1448 2579 1524 2621 Sap.
1539 2589 1599 2617 vii,
1619 2588 1721 2610 22.—

376 2637 387 2657 5
405 2635 500 2666 Joan.
518 2646 572 2676 xx,
591 2646 640 2667 22.

1745 3190 1752 3283 ata*
1746 3099 1753 3167 ->.-;.
1747 2781 1756 3085 -4-4‘9-2—71.fl.—;——-a-⁴-
1751 2738 1757 2764 .-
1752 2695 1758 2712 „v
1750 2680 1751 2684 Α
1751 2637 1758 2669 <³2
