1806 3256
518 311 568 337 De
603 310 714 343 Fine,
749 310 827 337 Lm.
868 310 894 336 1.
1325 293 1380 336 33

38 398 256 434 »creatura
280 387 467 444 subjecta
490 394 552 428 est
568 385 600 435 ⁴,
625 385 763 428 »sicut
783 385 1010 444 Apostolus
1029 385 1141 428 dixit.
1170 386 1383 443 Numquid

39 475 137 518 ergo
171 458 360 502 Christus
394 456 609 513 subjectus
636 465 700 498 est
726 455 927 498 vanitati?
948 457 1104 499 Rursus
1126 456 1240 513 juxta
1269 471 1384 499 enm-

40 530 134 571 dem
163 529 409 586 Apostolum
433 541 441 568 τ
470 544 485 565 α
505 525 704 568 Creatura
736 526 1010 583 congemiscit
1044 526 1388 584 etcomparturit

41 615 201 656 »usquc
227 614 339 641 nunc
356 598 386 640 ².
408 617 424 636 ι»
452 597 665 653 Numquid
693 611 792 654 crgo
830 597 1020 639 Christus
1051 595 1323 653 congemiscit
1348 604 1390 637 et

46 670 354 727 comparturit,
400 668 471 724 qui
509 674 672 709 nostros
710 681 730 707 a
772 675 909 708 morto
951 667 1130 724 gemitus
1170 666 1392 710 liberavit?

51 752 67 779 α
90 739 308 786 Creatura‚
332 737 481 794 inquit,
504 736 752 778 liberabitur
770 752 790 778 a
808 736 1009 778 servitute
1027 734 1348 793 corruptionis³.
1364 753 1380 774 n

45 808 242 852 Videmus
280 807 407 864 igitur
442 821 636 862 magnam
674 805 782 848 inter
821 814 1057 848 creaturam
1084 814 1125 847 et
1162 804 1392 846 Dominum

43 894 132 921 esse
167 878 433 924 distantiam;
471 877 567 932 quia
595 876 775 918 servitus
815 884 1008 917 creatura
1043 882 1130 923 θεὶς
1162 894 1176 911 α
1196 874 1399 916 Dominus

46 957 217 990 »autem
255 948 422 1006 spiritus
460 955 555 994 est3
601 945 671 987 ubi
717 954 857 988 autem
898 945 1068 1003 spiritus
1102 944 1272 988 Domini
1313 952 1399 993 cst,

45 1019 130 1060 »ibi
153 1018 323 1060 libertas
341 1017 369 1059 ⁶.
399 1035 414 1055 ι)

102 1087 378 1132 LXXXVIII.
418 1087 522 1139 Quis
552 1087 666 1128 huuc
694 1086 857 1128 induxit
882 1101 1093 1134 errorem,
1125 1094 1170 1127 ut
1203 1100 1299 1126 eum
1327 1085 1398 1141 qui

46 1159 202 1201 creavit
241 1158 414 1205 omnia,
456 1157 526 1212 qui
572 1156 671 1197 fecit
704 1156 843 1197 omnia
871 1188 880 1206 ,
926 1156 1086 1198 diceret
1130 1155 1406 1198 creaturam?

46 1227 261 1284 Numquid
289 1227 376 1284 ipse
407 1227 612 1268 Dominus
647 1241 690 1267 se
729 1225 913 1267 creavit?
951 1226 993 1267 Si
1019 1225 1130 1267 enim
1162 1227 1321 1267 lectum
1344 1234 1407 1266 est

48 1299 163 1355 quod
190 1297 297 1338 «Per
328 1296 464 1353 ipsum
497 1296 637 1338 omnia
678 1295 785 1337 facta
811 1303 928 1342 sunt,
953 1304 995 1337 et
1017 1297 1105 1337 sine
1133 1296 1224 1352 ipso
1243 1296 1401 1337 sactum
1441 1309 1443 1311 ’

48 1377 140 1410 »est
162 1367 290 1410 nihil⁵
321 1382 329 1408 z
356 1386 370 1406 υ
398 1367 604 1423 numquid
627 1367 713 1423 ipse
732 1382 775 1407 se
798 1366 925 1407 fecit?
943 1366 984 1407 Si
1002 1368 1158 1408 lectum
1183 1374 1270 1414 est,
1292 1367 1407 1423 quod

51 1438 192 1496 negari
210 1453 293 1480 non
317 1446 479 1495 potest,
512 1437 606 1493 quia
640 1436 751 1478 Dens
779 1436 820 1477 iu
848 1436 1049 1493 sapientia
1072 1436 1171 1479 fecit
1196 1436 1359 1478 omuia⁶
1392 1452 1400 1477 :

47 1509 255 1566 numquid
278 1508 498 1551 verisimile
522 1507 652 1549 videri
688 1514 822 1564 potest
840 1507 937 1563 quia
961 1507 1001 1548 iu
1023 1522 1066 1548 se
1095 1507 1179 1564 ipsa
1207 1516 1269 1548 est
1295 1508 1402 1548 sacta

51 1579 250 1637 sapientia
269 1578 287 1620 Ξ)

108 1649 349 1693 LXXXIX.
390 1647 585 1705 Legimus
611 1647 798 1705 genitum
819 1665 830 1697 3
855 1647 952 1704 quia
978 1647 1101 1689 Patet·
1126 1647 1257 1689 dixit:
1285 1665 1300 1686 α
1317 1649 1404 1706 Ego

49 1736 129 1763 nex
161 1728 280 1763 utero
309 1728 405 1761 ante
436 1718 677 1761 Luciferum
705 1718 828 1775 genui
867 1717 943 1760 10⁷.
976 1736 990 1757 n
1020 1717 1216 1774 Legimus
1250 1718 1404 1775 primo·

42 1791 238 1848 *genitum
261 1789 460 1837 Filium⁸,
480 1789 656 1845 legimus
685 1788 976 1845 Unigenitnm⁹
1004 1803 1013 1829 ε
1047 1788 1373 1845 primogenitum
1389 1821 1400 1837 ,

52 1862 147 1918 quia
169 1876 293 1903 nemo
316 1868 410 1902 ante
439 1859 574 1916 ipsum
597 1874 607 1901 ε
634 1855 926 1915 Unigenitum,
953 1858 1049 1914 quia
1077 1873 1203 1900 nemo
1226 1867 1320 1915 post
1340 1858 1403 1916 ip-

52 1947 174 1975 sum:
205 1931 383 1989 legimus
412 1930 537 1972 etiam
562 1945 571 1972 ε
602 1948 617 1968 α
642 1929 967 1972 Gener-ationem
986 1929 1076 1985 ejus
1105 1928 1195 1986 quis
1230 1945 1402 1971 enarra-

53 2002 218 2045 »hit¹⁰i)
238 2000 579 2051 Genemfionem,
601 2018 616 2038 ιι
631 1999 782 2055 inquit,
805 2014 887 2041 non
912 1999 1184 2041 creationem.
1206 1999 1320 2051 Quid
1337 1999 1401 2041 his

54 2072 177 2113 tantis
200 2086 247 2113 ac
270 2070 421 2112 talibus
439 2069 618 2111 conferri
641 2067 805 2126 potest?

112 2141 204 2184 XC.
242 2141 435 2183 Ostendit
459 2139 583 2182 etiam
605 2139 681 2182 Dei
703 2139 831 2181 Filius
854 2138 1092 2180 distantiam
1119 2139 1401 2196 generationis

55 2222 96 2256 ct
119 2212 258 2270 gratiae
282 2212 424 2253 dicens
445 2226 454 2252 :
473 2229 487 2248 ι·
500 2210 696 2254 Ascendo
718 2211 770 2252 ad
795 2210 960 2252 Patrem
978 2225 1121 2251 meum
1138 2243 1148 2258 ‚
1172 2219 1212 2252 et
1233 2210 1399 2254 Patrem

57 2292 289 2330 »vesu-um,
327 2282 461 2323 Deum
505 2296 676 2329 meum,
716 2288 756 2322 et
797 2280 937 2321 Deum
975 2280 1224 2323 vestrumst.
1251 2301 1267 2320 n
1307 2283 1402 2326 Non

58 2354 188 2396 dixit:
215 2352 407 2396 Ascendo
441 2352 492 2393 ad
519 2351 685 2393 Patrem
717 2359 929 2399 nostrum,
963 2352 1035 2393 sed
1057 2366 1066 2392 ς
1095 2369 1110 2389 α
1127 2351 1321 2395 Ascendo
1352 2357 1403 2397 ad

58 2425 248 2468 »Patrem
270 2438 412 2465 meum
432 2455 442 2472 ,
466 2431 508 2464 et
523 2422 690 2465 Patrem
710 2431 909 2464 vestrum.
936 2441 952 2461 ι)
980 2421 1196 2479 Separatio
1233 2423 1307 2466 ista
1346 2425 1406 2467 di·

106 2553 113 2568 ·
146 2541 239 2575 Rom.
268 2542 354 2584 vnn}
369 2552 420 2575 ιο.
441 2560 482 2566 -
500 2551 513 2565 ·
539 2541 625 2574 lbid.
647 2553 700 2574 υ.
716 2559 756 2566 —-
783 2543 795 2564 ³
816 2539 905 2573 lbid.
931 2551 980 2572 21.
1003 2559 1043 2564 —
1067 2543 1080 2569 4
1095 2551 1116 2572 -2
1131 2541 1211 2574 Cor.
1231 2554 1279 2583 ιιι,
1301 2554 1349 2587 ¹7·
1366 2564 1406 2572 -

61 2601 75 2623 ⁵
93 2598 188 2631 Joan.
204 2609 229 2636 1,
247 2599 275 2629 5·
289 2615 329 2622 -—
346 2599 362 2620 ⁰
378 2598 459 2630 Psal.
475 2608 547 2638 cui,
568 2597 772 2636 24.--⁷1ci.
786 2608 850 2633 cix.
868 2597 944 2630 3.—
959 2597 972 2620 ⁰
991 2595 1110 2631 matth.
1128 2607 1152 2638 ι,
1167 2599 1264 2632 25.—
1282 2607 1296 2629 9
1309 2600 1410 2636 Joan.

60 2654 152 2698 „14.
172 2671 211 2678 -
230 2660 262 2676 ¹⁰
278 2653 354 2686 lsai.
370 2663 440 2692 mu,
456 2653 491 2687 8.
508 2671 547 2678 -
565 2662 593 2677 ¹¹
613 2653 711 2687 Joan.
726 2662 852 2696 xx,17.

207 2721 289 2751 mx.
1243 2710 1270 2752 3
