1768 3283
333 266 416 319 4ςῦ
886 282 916 308 s.
959 282 1149 310 Amssnosu

331 357 482 400 »Pater
500 392 510 407 ,
536 360 677 401 onmia
701 374 792 401 mea
813 368 881 400 lua
906 368 1001 401 suut
1016 392 1026 408 ‚
1056 368 1095 401 et
1123 368 1191 402 tua
1213 360 1577 411 mea¹;»asseruit
1594 368 1681 409 uni-

332 436 473 470 tatem.
495 429 601 471 Cum
622 430 723 472 dixit
744 445 785 470 t«
804 430 939 480 Pater,
961 430 1088 486 quiin
1111 445 1177 471 me
1197 440 1362 479 manet,
1383 432 1469 490 ipse
1490 445 1532 478 et
1555 452 1681 495 opera

331 514 454 556 »quae
474 514 551 556 ego
581 500 710 548 facio,
745 500 830 557 ipse
853 499 1247 548 sacit²;»unitatem
1273 502 1582 548 evidentissime
1608 508 1681 549 de·

335 569 517 610 claravit.

390 638 601 681 LXXXV.
639 639 801 681 Deinde
827 640 973 682 Petrus
1005 655 1131 683 unam
1160 649 1351 684 naturam
1384 645 1567 687 ostendit
1593 661 1683 689 esse

335 707 516 750 divinam
539 723 580 750 :a
604 710 656 751 Ut
679 724 754 751 nos
771 741 783 758 ,
806 709 968 765 inquit,
1001 709 1159 752 faceret
1181 710 1329 752 divinae
1357 722 1572 755 consortes
1606 731 1683 757 na-

333 796 349 815 n
365 777 509 820 turae⁸.
526 778 696 820 »Potuit
718 780 829 822 enim
851 779 909 821 sic
929 780 1093 829 dicere,
1119 781 1150 822 si
1174 781 1294 822 aliter
1313 782 1579 832 aestimasset3
1606 799 1683 842 po-

335 848 430 896 tuit,
451 848 639 905 inquam,
656 849 713 891 sic
736 851 876 892 dicere
896 866 906 893 t
927 852 977 893 Ut
996 867 1070 893 nos
1086 851 1244 894 faceret
1259 852 1493 895 divinarum
1511 869 1684 897 consor-

335 926 396 960 tes
425 927 694 969 naturarum3
730 921 908 963 maxime
927 936 1024 963 cum
1041 937 1117 979 per
1135 923 1285 965 Filium
1305 923 1346 965 in
1363 933 1520 967 naturae
1535 925 1685 968 divinae

335 988 593 1047 consortium
626 998 899 1033 transeamus.
933 991 1146 1047 Numquid
1176 1001 1313 1048 potest
1345 994 1501 1036 donare
1521 1027 1532 1043 .
1571 996 1686 1051 quod

333 1071 416 1098 non
439 1057 598 1099 habet?
615 1059 724 1116 Ergo
743 1075 826 1101 non
844 1069 906 1102 est
923 1061 1099 1102 dubium
1118 1062 1214 1118 quia
1231 1062 1284 1103 de
1303 1077 1352 1103 eo
1369 1095 1379 1111 ,
1402 1064 1515 1120 quod
1532 1064 1683 1114 habet,

336 1125 482 1175 donat;
508 1135 551 1169 et
573 1127 666 1170 ideo
693 1129 820 1172 habet
841 1138 1034 1173 naturam
1057 1131 1237 1174 divinam
1253 1164 1263 1180 .
1293 1133 1362 1191 qui
1395 1133 1603 1176 consortia
1621 1134 1685 1176 di-

334 1196 438 1239 vinae
457 1198 586 1240 donat
606 1208 778 1243 naturae.

395 1268 632 1317 LXXXVI.
668 1276 893 1332 Apostolus
930 1294 1098 1336 quoque
1130 1278 1282 1321 Paulus
1314 1279 1493 1321 dicendo
1523 1294 1532 1320 ε
1561 1297 1577 1316 α
1602 1278 1686 1331 Qui

334 1359 350 1378 u
365 1350 514 1384 natura
532 1359 615 1387 non
636 1356 732 1389 suut
749 1348 829 1390 dii*
848 1365 888 1397 ;»
903 1350 1085 1392 ostendit
1107 1365 1234 1392 unam
1256 1350 1340 1391 veri
1363 1349 1437 1391 Dei
1462 1364 1550 1392 esse
1572 1357 1688 1391 natu·

335 1427 436 1455 ram.
464 1415 655 1474 Namque
678 1427 720 1460 et
744 1420 830 1474 ipse
852 1420 988 1476 potuit
1005 1420 1147 1462 dicere
1167 1437 1176 1461 :
1199 1421 1281 1472 Qui
1305 1418 1465 1462 naturis
1482 1421 1569 1461 non
1590 1427 1688 1461 sunt

331 1484 403 1534 dii,
423 1487 455 1528 si
480 1488 607 1531 sciret
629 1490 911 1547 pluralitatem
932 1491 1081 1533 divinae
1102 1507 1192 1534 esse
1216 1499 1391 1539 naturae,
1413 1499 1459 1532 ut
1483 1490 1559 1532 alia
1579 1498 1689 1532 esset

335 1554 376 1596 in
407 1557 553 1607 Patre,
584 1560 661 1601 alia
696 1561 737 1603 in
763 1561 895 1611 Filio,
934 1562 1011 1604 alia
1046 1562 1085 1604 in
1112 1562 1271 1620 Spiritu
1302 1570 1461 1603 sancto.
1498 1559 1688 1602 Dicendo

336 1640 434 1684 ergo
461 1643 469 1669 :
489 1646 505 1664 «
527 1628 681 1672 Natura
704 1646 787 1673 uon
811 1641 908 1674 sunt
931 1632 986 1674 dii
1001 1649 1012 1681 3
1029 1632 1263 1674 »unitatem
1296 1640 1455 1673 naturae
1486 1630 1689 1688 expressit

339 1696 502 1740 divinae.

391 1768 644 1813 LXXXVII.
694 1771 809 1823 Quid
842 1781 904 1815 est
942 1779 1081 1814 autem
1107 1779 1255 1814 natura
1285 1771 1422 1814 Deum
1454 1786 1543 1813 6556
1566 1803 1576 1817 ,
1611 1769 1689 1812 nisi

338 1852 484 1879 verum
497 1840 632 1881 Deum
653 1841 774 1884 esse?
791 1842 900 1884 sicut
921 1843 972 1885 ad
988 1841 1381 1885 Thessalonicenses
1399 1839 1500 1883 dixit
1520 1856 1529 1881 ε
1547 1857 1562 1878 α
1577 1840 1689 1891 Quo-

336 1910 492 1951 »modo
517 1911 708 1953 conversi
739 1912 837 1955 estis
866 1913 918 1954 ad
947 1912 1083 1954 Deum
1108 1927 1128 1953 a
1163 1911 1397 1953 simulacris
1421 1909 1576 1952 servire
1599 1910 1688 1952 Deo

338 1979 458 2020 »vivo
497 1989 538 2022 et
575 1982 696 2024 vero⁶
716 1981 760 2024 Ρ»
775 1983 838 2025 11Ιί
869 1982 980 2024 enim
1017 1982 1073 2024 dii
1105 1997 1194 2024 esse
1229 1981 1500 2028 simulantur,
1539 1987 1690 2021 natura

336 2058 473 2090 autem
497 2050 610 2093 Deus
631 2051 746 2093 vivus
771 2060 813 2094 et
832 2067 955 2094 verus
976 2060 1050 2094 est.
1080 2052 1184 2094 Nam
1206 2059 1247 2093 et
1269 2050 1311 2092 in
1334 2050 1423 2107 ipso
1447 2064 1524 2091 usu
1546 2056 1689 2090 nostro

337 2129 399 2162 est
422 2120 640 2178 adoptivus
669 2121 823 2171 Filius,
860 2131 902 2164 et
931 2137 1054 2164 verus
1074 2121 1216 2164 Filius.
1250 2119 1507 2177 Adoptivum
1536 2118 1689 2160 Filium

335 2204 419 2231 non
439 2190 616 2232 dicimus
637 2190 791 2233 Filium
813 2206 902 2233 esse
924 2200 1075 2234 natura
1098 2206 1108 2233 ε
1127 2191 1199 2232 sed
1217 2204 1319 2233 eum
1339 2189 1517 2232 dicimus
1540 2195 1688 2229 natura

331 2276 420 2304 esse
437 2295 446 2310 ‚
473 2262 544 2318 qui
571 2278 693 2304 verus
722 2269 783 2304 est
803 2262 947 2305 Filius.

392 2333 670 2377 LXXXVIII.
708 2333 817 2389 Ergo
840 2340 881 2373 et
902 2340 1094 2375 naturam
1112 2340 1158 2374 ut
1185 2329 1460 2373 substantiam
1481 2344 1571 2371 esse
1590 2327 1691 2370 divi·

336 2419 432 2447 nam
466 2403 735 2460 probavimus
758 2403 938 2444 lectione
960 2417 969 2443 τ
999 2402 1199 2443 unitatem
1219 2415 1387 2457 quoquc
1410 2414 1491 2441 non
1515 2397 1689 2455 plurali-

341 2484 469 2517 tatem
503 2474 652 2516 divinae
685 2489 774 2515 esse
799 2483 956 2516 uaturae
987 2472 1214 2531 apostoliea
1246 2470 1472 2513 auctoritas
1491 2470 1689 2512 demons-

340 2545 477 2587 travit.

385 2645 393 2659 ·
415 2637 509 2668 Joan.
531 2648 611 2675 xvir,
634 2645 681 2668 ιο.
697 2651 736 2661 -·
755 2644 767 2659 ²
796 2635 846 2669 ld.
866 2646 929 2671 xiv,
952 2643 999 2668 ιο.
1020 2653 1057 2661 --
1075 2635 1090 2660 θ
1107 2645 1123 2666 2
1137 2632 1227 2667 Petr.
1241 2643 1263 2670 t,
1279 2632 1310 2671 4-
1331 2650 1371 2657 -··
1389 2633 1401 2660 ⁴
1420 2630 1525 2663 Gfllaff*
1544 2627 1633 2665 ΜΒ·
1647 2643 1690 2654 “”

342 2694 353 2713 ⁵
379 2701 387 2722 1
411 2690 519 2722 Thess.
547 2702 567 2725 ι,
584 2702 616 2732 9.
