1768 3283
374 306 455 358 254
915 319 946 346 s.
987 315 1178 346 Amant-su

369 408 512 441 utrum
539 397 655 455 quasi
685 411 883 454 maguum
915 397 1072 452 aliquid
1102 404 1144 437 et
1173 395 1436 452 praestantius
1461 404 1610 454 putent
1628 412 1718 440 esse

368 484 494 526 quam
514 477 663 510 caetera
684 482 692 507 z
717 483 767 508 an
789 466 906 522 quasi
929 467 1149 520 minimum
1170 474 1294 521 atque
1313 466 1556 523 abjectum?
1581 467 1623 510 Si
1646 467 1719 508 mi-

368 539 528 581 nimum
551 547 674 594 atque
707 536 944 591 abjectum,
980 551 1064 578 non
1092 544 1153 578 est
1182 536 1361 592 iujuria3
1389 545 1435 578 ut
1468 546 1611 579 nostro
1639 553 1718 579 usu

365 609 529 664 loquar,
549 607 643 647 vilia
661 614 702 647 et
719 606 865 662 exigua
883 606 1068 653 nescire3
1090 621 1188 647 uam
1208 621 1302 647 cum
1326 607 1521 663 potentia}
1540 607 1591 649 sit
1613 607 1726 648 scire.

367 693 458 734 quae
487 676 667 718 maxima
699 684 822 723 sunt,
857 676 1093 732 despexisse
1133 676 1262 733 magis
1305 677 1470 718 videtur
1503 676 1718 734 degeneris

367 747 502 804 operis
526 747 744 787 vilitatem.
770 746 953 787 Fastidio
978 746 1102 803 igitur
1121 747 1337 788 absolutus
1356 755 1439 794 est,
1471 762 1554 790 uon
1577 756 1718 805 potos-

367 826 451 860 tato.
477 818 706 859 fraudatus.
1665 860 1668 863 .

425 888 528 930 CCI.
568 887 694 939 Quod
718 887 749 929 si
775 902 975 944 maguum
1007 896 1048 929 et
1081 902 1294 929 summum
1329 888 1585 930 arbitrantur
1612 888 1719 930 scire

365 958 510 1014 judicii
538 959 647 999 diem
663 991 672 1006 ,
700 958 841 998 dicant
858 957 959 1013 quid
981 958 1069 999 Deo
1092 958 1213 999 Patre
1235 957 1371 1014 majus
1391 966 1458 1000 aut
1476 957 1626 999 melius
1649 957 1713 999 sit.

364 1030 530 1072 Patrem
560 1029 686 1085 igitur
703 1028 837 1069 Deum
857 1027 995 1076 novit,
1024 1036 1068 1068 ut
1092 1028 1179 1084 ipse
1206 1027 1262 1069 ait
1284 1043 1292 1069 ε
1318 1046 1332 1066 «
1352 1029 1485 1071 Nemo
1510 1029 1624 1071 novit
1644 1028 1721 1069 Pa-

363 1120 378 1138 »
395 1108 499 1141 trem
515 1133 525 1148 ‚
553 1099 631 1140 uisi
653 1098 782 1140 Filius
798 1131 808 1147 ‚
842 1106 882 1140 et
909 1098 975 1139 cui
1007 1099 1186 1140 voluerit
1215 1099 1343 1141 Filius
1363 1099 1589 1142 rcvelaoe'.
1613 1118 1628 1139 »
1649 1099 1721 1142 Pa-

365 1181 496 1219 trem,
517 1171 713 1226 iuquam,
740 1169 878 1217 novit,
912 1177 952 1210 et
981 1170 1091 1210 diem
1126 1170 1288 1211 nescit?
1315 1169 1384 1212 Sic
1414 1186 1512 1227 ergo
1549 1170 1718 1213 creditis

366 1241 462 1298 quia
479 1241 644 1282 Patrem
669 1240 842 1288 revolat,
866 1247 907 1280 et
933 1239 1044 1280 diem
1068 1254 1153 1281 uon
1171 1248 1306 1296 potest
1331 1239 1544 1281 revelare?

425 1311 547 1353 CCII.
586 1310 748 1352 Deinde
769 1310 863 1366 quia
893 1312 1045 1366 gradus
1069 1311 1274 1367 quosdam
1299 1311 1460 1359 facitis‚·
1486 1319 1532 1352 ut
1552 1311 1718 1352 Patrem

364 1382 470 1424 Filio
489 1415 498 1430 ‚
522 1380 675 1423 Filium
705 1376 877 1437 Spiritui
902 1380 1153 1436 praeserati53
1184 1381 1310 1422 dicite
1331 1380 1434 1422 mihi
1465 1389 1604 1422 utrum
1632 1380 1720 1438 Spi-
1766 1396 1768 1407 ⁴

366 1452 470 1493 ritus
493 1460 659 1493 sanctus
684 1450 846 1492 noverit
863 1449 1010 1507 judicii
1033 1451 1169 1497 diem3
1193 1451 1296 1492 nihil
1314 1450 1424 1492 onim
1449 1452 1499 1492 de
1521 1465 1570 1492 eo
1593 1449 1721 1506 scrip-

365 1531 454 1563 tum
473 1529 536 1563 est
559 1521 640 1562 hoc
666 1522 774 1562 loco.
804 1520 971 1577 Negatis
1000 1520 1202 1577 profecto.
1233 1521 1346 1572 Quid
1378 1521 1411 1563 si
1444 1522 1576 1562 doceo
1606 1521 1720 1577 quod

364 1592 558 1634 noverit?
583 1590 758 1633 Lectum
783 1600 844 1632 est
866 1591 978 1632 enim
1002 1606 1010 1631 :
1037 1607 1051 1628 «ι
1071 1590 1198 1632 Nobis
1228 1599 1365 1633 autem
1389 1591 1584 1633 revolavit
1606 1592 1718 1632 Deus

366 1678 469 1721 »per
501 1663 702 1719 Spiritum
741 1677 891 1709 suuiu;
933 1661 1111 1717 Spiritus
1152 1661 1262 1702 euim
1306 1661 1444 1702 omnia
1489 1669 1716 1708 scrutatur,

365 1736 518 1777 »etiam
553 1735 632 1775 alta
665 1731 786 1775 Dei².
814 1750 829 1771 »
854 1732 1006 1787 L‘tique
1032 1731 1126 1787 quia
1157 1733 1236 1772 alta
1270 1731 1345 1772 Dei
1383 1741 1594 1773 scrutatur
1621 1745 1719 1773 cum

362 1804 474 1846 Deus
504 1803 666 1845 noverit
698 1801 848 1858 judicii
878 1802 1013 1848 diem,
1048 1801 1172 1842 etiam
1211 1800 1389 1857 Spiritus
1424 1801 1552 1844 novit.
1596 1800 1719 1843 Novit

364 1876 475 1917 enim
498 1874 637 1917 omnia
656 1889 747 1931 quae
773 1874 886 1914 Deus
909 1872 1049 1919 novit,
1075 1872 1183 1913 sicut
1200 1870 1424 1928 Apostolus
1446 1872 1630 1913 declarat
1655 1871 1718 1913 di-

366 1961 464 1988 cens
487 1960 494 1986 :
523 1964 539 1982 «
557 1945 661 1996 Quis
684 1944 794 1985 euim
819 1943 898 1985 seit
922 1941 1143 1983 hominum
1169 1956 1259 1997 qum
1282 1950 1382 1982 sunt
1405 1941 1610 1990 hominis,
1638 1939 1717 1982 nisi

361 2017 560 2074 »spiritus
591 2013 771 2056 hominis
796 2013 865 2069 qui
899 2012 940 2053 in
969 2012 1058 2068 ipso
1082 2010 1172 2052 est?
1196 2010 1265 2052 Sic
1290 2019 1331 2052 et
1361 2025 1452 2066 quae
1484 2011 1559 2052 Dei
1591 2018 1714 2058 suut,

367 2102 520 2130 »nemo
554 2085 769 2143 coguovit,
803 2084 880 2125 nisi
910 2082 1088 2139 Spiritus
1121 2080 1235 2123 Dei3.
1269 2100 1285 2120 ι
1310 2081 1459 2123 Videte
1493 2080 1633 2137 igitur,
1666 2095 1718 2121 ne

367 2167 439 2200 aut
461 2158 652 2214 negando
679 2155 883 2212 Spiritum
914 2160 1105 2194 sanctum
1135 2151 1267 2199 scire,
1307 2150 1466 2208 negetis
1489 2159 1530 2192 et
1552 2150 1717 2192 Patrem

366 2229 498 2276 scire;
522 2227 620 2283 quia
647 2240 737 2282 quae
766 2224 840 2266 Dei
870 2232 990 2271 suut,
1019 2223 1216 2279 cognovit
1233 2230 1274 2264 et
1298 2222 1372 2263 Dei
1397 2221 1601 2278 Spiritus:
1626 2234 1717 2276 quae

369 2307 509 2340 autem
535 2312 618 2338 uon
646 2295 842 2353 cognovit
864 2293 1042 2350 Spiritus
1065 2292 1164 2340 Dei,
1190 2292 1335 2347 utique
1366 2290 1442 2332 Dei
1467 2306 1550 2332 nou
1584 2297 1680 2332 sunt
1704 2304 1713 2331 ε

370 2379 439 2412 aut
462 2367 703 2410 confitendo
727 2366 822 2422 quia
845 2364 1024 2421 Spiritus
1056 2363 1131 2404 Dei
1165 2363 1305 2411 novit,
1332 2363 1446 2418 quod
1469 2362 1626 2419 negatis
1645 2361 1717 2403 Fi-

366 2441 470 2483 lium
502 2438 634 2486 scire,
669 2444 813 2479 contra
844 2443 1022 2477 vestram
1057 2433 1328 2474 assertionem
1371 2432 1572 2489 Spiritum
1609 2432 1715 2474 Filio

363 2509 604 2567 prael‘eratis.
643 2506 803 2549 Verum
836 2519 920 2548 non
951 2505 1088 2546 solum
1111 2503 1313 2561 sacrilega
1346 2503 1450 2552 ista,
1483 2502 1556 2546 sed
1588 2502 1715 2545 etiam

369 2581 510 2638 inepta
530 2578 751 2621 dubitatio.

411 2680 419 2694 ¹
442 2669 559 2703 Mauh.
577 2680 623 2709 xi,
641 2679 694 2711 27.
712 2686 752 2693 —
771 2676 782 2694 ²
805 2677 816 2699 1
836 2667 913 2701 Cor„
935 2677 971 2706 ιι,
993 2676 1042 2700 10.
1058 2683 1098 2690 —-
1117 2664 1130 2689 ³
1144 2663 1232 2700 Ibid.
1255 2675 1301 2698 ιι.
