1806 3256
367 277 383 305 ι
395 262 449 306 26
907 274 937 305 a.
978 250 1169 306 Annnosu

355 358 443 416 ipso
471 358 522 400 de
545 372 589 400 se
604 356 734 400 Filius
762 356 912 400 dixerit
935 358 1101 399 :nTunc
1124 356 1222 412 justi
1256 355 1478 413 fulgebunt
1510 356 1619 399 sient
1643 355 1706 399 sol

359 426 430 470 »in
447 441 576 484 regno
603 427 734 469 Patris
757 426 916 468 mei¹Pn
939 427 1064 478 Quod
1085 425 1197 467 enim
1220 425 1352 468 Patris
1376 435 1438 468 est
1461 441 1534 484 per
1558 426 1712 484 majos-

358 499 453 543 tatis
481 497 781 556 proprietatem
796 528 806 545 ,
827 496 868 538 id
885 496 1010 538 etiam
1027 496 1121 538 Filii
1139 505 1201 538 est
1219 512 1293 553 per
1314 496 1504 553 ejusdem
1536 497 1711 540 claritu-

360 570 467 613 dinis
494 567 736 610 unitatem2.
764 567 874 624 Ergo
896 574 938 609 et
964 567 1096 609 Patris
1128 582 1305 624 regnum
1337 567 1556 626 Scriptura
1578 568 1708 616 dixit,

360 651 403 684 et
423 640 532 684 Filii.

420 709 574 759 XCIX.
613 707 771 765 Accipe
792 723 903 749 nunc
935 708 1030 764 quia
1063 709 1133 749 ubi
1168 724 1344 766 regnum
1369 709 1444 751 Dei
1479 709 1602 756 dicit,
1632 723 1711 754 noc

357 780 490 824 Patris
516 794 594 821 nec
617 778 710 820 Filii
732 786 896 834 separat
921 786 1198 834 potestatem3
1233 779 1328 835 quia
1356 787 1397 820 et
1422 788 1645 836 paternum
1671 788 1713 820 ot

358 851 453 895 Filii
470 864 646 907 regnum
665 864 748 890 uno
765 849 840 890 Dei
865 848 1036 891 nomine
1058 849 1395 906 comprehendit,
1422 850 1529 891 sicut
1551 849 1708 891 habes:

371 921 507 963 «Cum
538 918 723 961 videritis
757 918 972 960 Abraham
994 952 1005 967 ‚
1046 919 1159 961 Isaac
1181 952 1190 967 ‚
1231 929 1273 961 et
1304 919 1476 968 Jacob,·
1496 928 1538 961 et
1567 934 1711 961 omnes

360 989 617 1046 »Prophetas
646 988 687 1029 in
722 1003 850 1045 regno
886 987 1009 1030 Dei³.
1027 1007 1042 1027 1>
1063 989 1128 1030 An
1162 1004 1363 1045 negamus
1394 990 1434 1030 in
1463 1003 1593 1045 regno
1619 987 1714 1030 Filii

362 1059 592 1117 Prophetas
617 1073 729 1107 esse,
764 1073 861 1099 cum
883 1066 925 1100 et
949 1058 1099 1100 latroni
1134 1059 1288 1101 dicenti
1312 1060 1576 1107 :aMemento
1603 1058 1683 1100 mei
1700 1090 1711 1107 ,

362 1145 490 1173 »cum
521 1128 684 1171 veneris
716 1128 758 1170 in
779 1143 958 1184 regnum
993 1131 1448 1187 tuum;»resp0nderit
1473 1129 1676 1172 Dominus
1701 1144 1710 1170 :

374 1199 537 1243 «Amen
558 1199 654 1241 dico
678 1198 778 1247 tibi,
812 1197 938 1241 hodie
962 1214 1132 1242 mecum
1156 1200 1237 1242 eris
1264 1201 1304 1242 in
1338 1199 1608 1258 paradisoffl»
1631 1198 1716 1241 Aut

363 1270 466 1327 quid
486 1278 550 1312 est
570 1284 659 1311 esse
677 1268 718 1309 in
739 1283 869 1325 regno
891 1269 986 1319 Dei,
1016 1269 1094 1310 nisi
1109 1277 1310 1311 aeternam
1325 1269 1488 1311 nescire
1505 1268 1715 1312 mortem?

365 1339 449 1391 Qui
476 1347 614 1380 autem
638 1338 831 1380 nesciunt
853 1345 1050 1381 aeternam
1071 1348 1269 1389 mortem,
1294 1340 1438 1381 vident
1457 1339 1610 1381 Filium
1637 1337 1716 1380 ho-

364 1407 487 1450 minis
510 1407 746 1449 venientem
773 1407 814 1448 in
837 1423 1015 1465 regnum
1043 1424 1178 1452 suum.

421 1477 468 1519 C.
505 1477 732 1528 Quomodo
755 1493 855 1534 ergo
874 1487 1012 1535 potest
1031 1495 1112 1520 non
1136 1480 1176 1520 in
1196 1487 1400 1535 potestate
1425 1479 1579 1520 habere
1602 1477 1717 1534 quod

364 1550 494 1591 donat
526 1548 669 1589 dicens
696 1562 740 1588 t«
759 1548 853 1589 Tibi
888 1550 998 1590 dabo
1032 1551 1167 1591 claves
1201 1550 1316 1606 regni
1345 1548 1609 1591 coeloru1n⁶?
1639 1548 1718 1589 »Et

363 1618 503 1661 videto
537 1618 790 1660 distantiam.
828 1618 979 1660 Servus
1013 1620 1161 1676 aperit,
1189 1620 1391 1661 Dominus
1410 1619 1584 1676 largitur·
1607 1634 1615 1660 :
1641 1619 1717 1660 iste

362 1703 438 1746 per
475 1703 546 1734 se,
575 1688 645 1729 ille
675 1703 749 1744 per
780 1688 993 1730 Christum
1022 1705 1031 1730 ε
1058 1688 1236 1729 famulus
1261 1690 1396 1730 claves
1419 1688 1596 1745 accipit,
1629 1687 1717 1729 Do-

363 1758 504 1801 minus
527 1758 692 1799 ordinat
730 1766 985 1814 potestates:
1013 1759 1124 1800 aliud
1146 1759 1211 1815 jus
1246 1759 1461 1807 donantis,
1497 1759 1609 1801 aliud
1632 1758 1717 1799 dis-

365 1829 576 1887 pensantis
594 1829 844 1885 obsequium
870 1839 946 1872 est.

423 1898 489 1940 CI.
525 1898 682 1955 Accipe
700 1899 840 1940 adhuc
858 1915 989 1940 unum
1009 1915 1184 1955 regnum
1204 1931 1213 1947 ‚
1237 1914 1365 1940 un-um
1385 1899 1608 1956 imperium
1629 1914 1718 1940 esse

362 1966 494 2011 Patris
517 1976 558 2009 et
580 1968 687 2009 Filii.
719 1968 857 2010 Habes
881 1971 931 2010 ad
963 1971 1232 2011 Timotheum
1257 1970 1462 2010 :al‘aulus
1494 1969 1716 2026 Apostolus

361 2037 491 2079 »Jesu
523 2037 677 2079 Christi
709 2041 945 2080 secundum
969 2040 1194 2097 imperium
1220 2040 1294 2081 Dei
1318 2039 1531 2081 salvatoris
1559 2038 1715 2086 nostri,

364 2126 379 2148 a
393 2115 433 2149 et
459 2107 613 2150 Christi
640 2111 741 2150 Jesu
760 2109 846 2165 spei
864 2108 1062 2151 nostrae‘.
1076 2128 1090 2148 n
1116 2112 1251 2151 Unum
1272 2110 1397 2166 igitur
1414 2109 1545 2151 Patris
1565 2117 1606 2150 et
1624 2107 1718 2150 Filii

364 2192 541 2234 regnum
564 2178 784 2220 evidenter
802 2188 865 2220 est
883 2180 1165 2228 declaratum,
1190 2180 1298 2220 sicut
1317 2189 1359 2220 et
1379 2180 1590 2236 apostolus
1612 2181 1717 2218 Pau-

366 2248 430 2291 lus
452 2248 626 2290 asseruit
649 2248 794 2290 dicens
817 2249 960 2290 :asson
982 2249 1095 2290 enim
1120 2249 1268 2291 scitote
1291 2251 1402 2305 quod
1423 2248 1558 2289 omnis
1585 2247 1718 2303 impu-

364 2317 532 2366 »dicus,
559 2326 630 2359 aut
652 2318 897 2359 immundus
917 2351 925 2367 ,
951 2327 1019 2360 aut
1044 2334 1212 2367 avarus,
1241 2320 1353 2375 quod
1377 2326 1437 2359 est
1463 2315 1715 2362 idololatria,

367 2403 481 2431 »nnn
507 2389 635 2431 habet
658 2389 944 2431 haereditatem
963 2389 1002 2430 in
1034 2405 1160 2446 regno
1192 2389 1345 2431 Christi
1368 2397 1408 2431 et
1432 2387 1547 2430 Dei7.
1567 2405 1582 2426 »
1607 2386 1716 2441 Ergo

368 2474 500 2501 unum
519 2475 694 2516 regnum
709 2492 721 2508 ,
742 2468 784 2502 et
802 2475 884 2501 una
907 2459 1122 2501 Divinitas.

413 2571 422 2586 ¹
450 2563 659 2603 Mafflnxm,
690 2562 747 2600 43.
773 2580 814 2586 -
833 2573 844 2586 ²
879 2563 977 2594 Joan.
1005 2573 1086 2600 ΠΗ,
1121 2563 1239 2593 5.-3
1275 2563 1355 2594 Luc.
1385 2574 1456 2599 xm,
1495 2562 1546 2594 28.
1565 2578 1605 2584 —-
1630 2562 1642 2587 ⁴
1668 2559 1720 2590 111·

367 2628 459 2656 xxiii,
475 2618 528 2656 42,
555 2618 609 2657 43.
625 2635 664 2641 —
683 2618 694 2639 ⁵
716 2617 834 2650 Manli.
852 2628 921 2657 xvi,
941 2627 990 2659 ¹9.
1010 2634 1050 2641 -—
1065 2619 1109 2650 ⁶1
1134 2618 1223 2651 Tim.
1239 2629 1260 2655 ι,
1282 2628 1308 2652 1·
1328 2636 1366 2642 -
1385 2623 1396 2646 7
1416 2616 1532 2660 Ephes.
1550 2624 1583 2655 v,
1601 2615 1631 2646 5.
