1768 3283
271 310 320 335 DE
356 305 518 334 meinis,
557 303 695 330 noum.
738 302 1029 334 εΑοιιΑιιεκτο,
1066 303 1144 329 Lm.
1185 304 1210 329 1.
1338 289 1422 344 473

76 384 252 427 »cifixus
279 393 339 427 est
366 399 416 426 ex
448 381 689 424 infirmitate
720 388 886 427 nostra,
911 379 1010 420 vivit
1040 387 1181 420 tamen
1213 394 1263 421 ex
1298 380 1428 421 vitute

76 473 92 495 ι)
107 455 203 497 Dei¹
223 469 232 496 :
249 473 264 494 ιι
280 455 366 511 ipse
390 453 492 494 dixit
515 452 611 508 quia
634 465 716 492 non
735 449 888 491 divisus
909 457 971 491 cst
990 448 1192 491 Christus.
1216 449 1430 505 Numquid

78 526 204 567 etiam
229 539 325 566 cum
349 523 527 565 dicimus
551 521 646 578 quia
667 520 849 562 animam
868 518 1159 561 rationabilem
1181 526 1220 560 et
1248 519 1432 560 intellec·

80 605 145 637 tus
169 595 298 636 nostri
321 593 507 650 suscepit
527 605 724 648 capacem
739 590 752 612 ²
770 624 780 640 ,
807 590 1031 632 dividimus
1052 604 1147 631 eum
1168 588 1184 629 Ξ)

136 663 324 706 LXXVI.
364 663 454 705 Non
477 662 588 703 enim
618 661 706 718 ipse
724 661 836 703 Deus
854 660 1039 702 Verbum
1058 674 1133 716 pro
1155 658 1291 700 anima
1311 658 1433 700 ratio-

79 734 205 775 nabili
230 743 271 775 et
293 734 531 775 intellectus
555 732 698 789 capaci
722 731 763 772 in
784 746 910 773 carne
931 746 1002 772 sua
1028 730 1104 771 suit
1121 762 1131 778 ‚
1158 730 1232 770 sed
1255 728 1433 770 animam

80 804 369 845 rationabilem
394 811 434 844 et
452 803 690 844 intellectus
711 816 910 858 capacem
927 831 939 849 ,
961 809 1003 842 et
1029 800 1159 856 ipsam
1185 800 1431 844 humanam,

82 881 122 915 ct
150 874 339 929 ejusdem
363 872 604 914 snbstantiae
621 904 631 919 ,
651 870 772 926 cujus
795 878 947 912 nostrae
963 877 1058 910 sunt
1075 869 1222 910 animae
1240 901 1250 916 ,
1275 876 1318 908 et
1340 882 1434 909 car-

81 958 178 986 nem
202 952 351 985 nostra}
376 943 581 990 similem,
619 939 896 998 ejusdemque
929 939 1050 996 cujus
1080 953 1177 981 caro
1203 945 1265 979 est
1294 944 1435 979 nostra

76 1014 326 1056 >substantiae
347 1045 356 1063 ,
393 1012 624 1069 suscipiens
659 1011 771 1053 Deus
810 1010 993 1052 Verbum
1013 1042 1023 1058 ,
1061 1008 1272 1066 perfectus
1309 1006 1436 1048 etiam

83 1083 210 1125 homo
241 1083 341 1130 suit,
377 1083 464 1124 sine
485 1083 567 1123 ulla
596 1090 736 1123 tamen
760 1081 855 1122 labe
880 1079 1068 1137 peccati3
1096 1079 1194 1135 quia
1211 1085 1438 1135 peccatum

84 1154 172 1211 ipse
191 1167 273 1194 non
294 1152 392 1194 fecit
407 1185 418 1201 ‚
438 1152 510 1194 sed
529 1167 603 1209 pro
621 1151 742 1193 nobis
762 1159 986 1209 peccatum
1004 1149 1137 1192 factus
1158 1157 1220 1190 est
1235 1147 1247 1169 ⁸
1266 1164 1277 1196 3
1304 1155 1348 1188 ut
1364 1160 1440 1188 nos

85 1238 270 1265 essemus
307 1222 466 1279 justitia
492 1223 568 1264 Dei
601 1222 642 1264 in
675 1222 778 1278 ipso.
816 1221 923 1262 Caro
953 1235 1052 1277 ergo
1075 1219 1203 1277 ipsius
1227 1227 1269 1260 et
1303 1216 1438 1259 anima

87 1293 273 1347 ejusdcm
298 1292 420 1348 cujus
449 1291 585 1333 anima
607 1299 746 1333 nostra
764 1306 947 1348 caroque
967 1289 1209 1332 substantiae
1225 1296 1300 1331 est.

144 1361 356 1404 LXXVII.
396 1362 481 1404 Nec
511 1362 639 1403 timeo
662 1377 715 1403 ne
746 1363 906 1403 tetrada
936 1361 1078 1403 videar
1105 1360 1307 1401 inducere
1327 1390 1337 1406 ‚
1364 1371 1442 1399 nos

89 1433 200 1474 enim
223 1447 319 1474 vere
338 1434 490 1480 solam,
516 1433 586 1488 qui
610 1432 692 1474 hoc
718 1432 939 1474 asserimus
954 1464 964 1480 ,
984 1431 1160 1473 colimus
1175 1429 1437 1473 Trinitatem.

89 1503 179 1545 Non
198 1502 308 1543 enim
329 1496 543 1543 Christum
563 1502 719 1550 divido,
738 1517 834 1544 cum
856 1501 995 1542 carnis
1014 1501 1104 1557 ejus
1121 1498 1444 1554 Divinitatisque

91 1572 300 1629 distinguo
325 1572 601 1613 substantiam
624 1587 633 1612 :
655 1573 728 1613 sed
754 1586 885 1613 unum
907 1571 1122 1612 Christum
1142 1585 1238 1611 cum
1260 1569 1381 1611 Patre
1403 1575 1446 1609 et

91 1642 247 1699 Spiritu
277 1642 351 1684 Dei
384 1643 594 1698 praedico,
628 1650 670 1683 et
703 1641 793 1683 illos
822 1641 953 1697 magis
984 1640 1055 1696 qui
1089 1654 1261 1682 carnem
1292 1637 1446 1679 Christi

92 1713 215 1754 unius
240 1727 335 1754 cum
357 1712 585 1754 Divinitate
608 1712 700 1768 ejus
723 1712 870 1753 dicunt
886 1724 976 1753 esse
994 1710 1232 1752 substantiae
1249 1742 1259 1759 ‚
1287 1709 1448 1751 tetrada

94 1775 296 1824 inducere
317 1782 629 1824 demonstrabo.
658 1781 750 1823 Non
774 1781 886 1822 enim
909 1780 1022 1836 quod
1045 1779 1236 1836 ejusdem
1260 1777 1450 1819 substan-

94 1853 160 1894 tize
183 1861 245 1894 est
264 1885 274 1901 ,
294 1868 402 1894 nnus
420 1886 430 1901 ‚
455 1852 528 1893 sed
547 1867 677 1893 unum
696 1860 780 1899 cst3
802 1865 898 1892 nam
917 1851 1062 1906 utique
1084 1848 1236 1891 Filium
1259 1846 1450 1900 ejusdem

96 1939 192 1965 cum
214 1923 335 1965 Patre
358 1923 600 1965 substantiae
631 1921 879 1964 confitentes
904 1921 945 1962 in
978 1927 1161 1962 tractatu
1185 1917 1353 1960 concilii
1373 1916 1448 1958 Ni-

96 1993 198 2035 caeni
212 2026 222 2041 ,
245 2008 328 2034 non
347 2008 475 2034 unam
493 2007 732 2050 personam,
752 1993 968 2033 sedunam
984 1989 1253 2032 Divinitatem
1272 1988 1312 2028 in
1329 1986 1451 2028 Patre

96 2073 138 2107 et
152 2065 258 2106 Filio
279 2064 566 2106 crediderunt.

155 2134 388 2177 LXXVIII.
426 2134 536 2190 Ergo
565 2148 662 2175 cum
697 2133 843 2175 dicunt
873 2131 1064 2188 ejusdem
1098 2144 1294 2173 carnem.
1329 2126 1452 2184 cujus

98 2212 139 2245 ct
158 2203 287 2244 Filius
309 2203 384 2244 Dei
407 2212 496 2245 crat
511 2237 521 2251 ‚
541 2203 668 2244 fuisse
692 2202 959 2250 substantiae3
984 2201 1059 2257 ipsi
1078 2201 1192 2256 quod
1214 2198 1334 2240 nobis
1351 2198 1458 2254 obji-

99 2274 214 2315 ciunt
254 2273 420 2330 ineptiis
458 2288 573 2314 vante
613 2273 851 2314 assertionis
890 2272 1143 2318 incurrunt,
1184 2277 1230 2311 ut
1265 2268 1453 2311 dividant

100 2344 328 2385 Christum.
357 2343 502 2399 Itaque
535 2352 731 2399 quartum
765 2342 1026 2391 increatum,
1059 2341 1175 2397 quod
1200 2340 1423 2382 adoremus
1442 2369 1452 2387 ‚

100 2413 330 2461 inducunt,
356 2427 452 2454 cum
474 2413 560 2454 sola
588 2413 772 2455 increata
795 2413 847 2454 sit
865 2411 1069 2454 Divinitas
1090 2409 1318 2454 Trinitatis.

148 2514 156 2528 ¹
182 2516 196 2536 2
213 2505 291 2536 Cor.
307 2516 377 2544 xm,
394 2507 426 2544 4.
452 2522 492 2528 -
511 2515 523 2530 ·
553 2516 565 2536 1
579 2506 657 2537 Cor.
675 2516 700 2544 ι,
722 2505 772 2537 13.
786 2522 825 2529 —
843 2505 856 2528 ³
877 2515 893 2535 2
907 2503 983 2536 Cor.
1000 2513 1030 2542 v,
1047 2513 1100 2535 αι.
