1806 3256
536 279 588 308 ΒΕ
620 279 736 313 rma,
770 279 848 308 mn.
889 280 915 308 ι.
1358 270 1407 321 4¹

64 368 280 419 potest-ne
300 371 399 415 ergo
423 371 544 399 verus
567 371 649 398 non
672 372 761 399 esse
789 357 881 406 ille,
909 356 980 415 qui
1010 357 1134 409 secit;
1156 368 1198 402 et
1221 360 1335 418 quod
1359 361 1415 403 di-

65 432 176 475 centi
202 429 404 476 defertur,
421 427 589 470 facienti
611 428 818 486 negatur?

124 502 254 544 CXII.
301 499 525 550 Quomodo
571 506 711 540 autem
755 498 832 540 nisi
875 513 1021 541 verum
1059 499 1212 542 Filium
1254 500 1380 543 sciret
1403 534 1413 549 .

64 570 350 615 committeret
367 569 404 611 ei
434 568 658 611 voluntatis
683 584 766 611 suae
784 569 1014 617 unitatem,
1038 577 1080 611 et
1103 571 1239 627 operis
1262 572 1418 614 verita-

62 641 180 686 tem?
211 641 321 683 Cum
351 639 464 681 enim
501 640 647 681 eadem
680 639 804 681 faeiat
840 639 971 681 Filius
1004 655 1153 697 opera,
1178 657 1270 698 quae
1294 643 1416 686 Pater

62 713 189 759 facit,
213 720 254 753 et
279 725 382 767 quos
407 710 495 751 vult
528 708 706 750 vivificet
735 708 910 755 Filius'.
941 709 1050 752 sicut
1082 711 1286 768 scriptum
1321 720 1413 761 est:

62 797 141 825 nec
160 780 355 824 differens
377 787 608 837 potestate,
632 787 674 820 et
698 779 806 820 liber
825 786 887 820 est
913 779 1130 821 voluntate
1156 795 1165 822 ι
1195 781 1249 823 ita
1279 782 1415 825 unitas

63 860 276 899 servatum
315 850 411 906 quia
444 857 485 890 et
524 848 654 890 virtus
682 848 768 890 Dei
810 848 851 889 in
889 848 1124 891 Divinitatis
1159 851 1417 908 proprietate

63 931 152 970 est:
190 930 232 963 et
254 921 422 962 libertas
456 933 539 961 non
573 918 613 959 in
637 918 772 974 aliqua
798 917 1031 960 differentia
1048 951 1057 966 ‚
1082 919 1154 960 sed
1189 919 1229 961 in
1255 920 1415 963 unitate

64 1000 126 1034 est
144 989 385 1033 voluntatis.

123 1059 275 1106 CXIII.
313 1056 488 1100 Turbati
512 1056 552 1098 in
575 1055 682 1097 freto
706 1055 918 1114 Apostoli,
941 1057 1040 1100 licet
1063 1057 1200 1100 adhuc
1226 1073 1310 1101 non
1333 1074 1420 1102 cre-

65 1133 212 1175 dentes
244 1130 394 1177 corde,
431 1127 504 1169 ubi
534 1127 718 1184 primum
750 1127 827 1169 sub
860 1128 1037 1184 pedibus
1067 1128 1235 1171 Domini
1272 1131 1420 1173 ludere

65 1215 191 1258 aquas
211 1208 253 1242 et
275 1198 461 1255 inquieto
479 1197 603 1238 maris
626 1205 729 1237 aestu
753 1198 1060 1240 deambulantis
1096 1198 1266 1240 Domini
1294 1215 1420 1258 snper

66 1285 191 1327 aquas
214 1268 418 1325 intrepida
435 1267 578 1309 videre
600 1266 823 1324 vestigia23
848 1268 1073 1325 subitoque
1097 1269 1191 1310 navi
1214 1285 1307 1325 quae
1321 1270 1419 1312 ssuc-

65 1340 177 1383 tibus
200 1339 456 1388 turbaretur,
477 1337 550 1379 ubi
572 1351 664 1378 eam
697 1344 837 1378 tamen
867 1336 1058 1385 Christus
1094 1339 1308 1388 ascendit,
1335 1341 1418 1397 pla-

66 1410 206 1453 cidata
255 1423 422 1465 aequora
445 1440 456 1455 ‚
500 1414 542 1448 et
580 1407 786 1448 elementa
836 1421 1092 1464 conspexere
1138 1408 1379 1451 famulantia
1406 1442 1416 1458 ,

65 1494 212 1522 verum
236 1478 314 1521 Dei
335 1477 489 1520 Filium
506 1476 778 1518 crediderunt
793 1508 803 1525 ,
831 1477 1018 1519 dicentes
1044 1493 1053 1519 :
1084 1495 1099 1516 α
1122 1477 1233 1520 Vere
1249 1479 1324 1522 Dei
1347 1480 1420 1523 Fi-

66 1549 178 1592 »lius
197 1563 241 1590 es
256 1547 286 1591 ³.
309 1566 325 1587 ι)

126 1618 273 1661 CXIV.
308 1618 398 1659 Hoc
420 1616 535 1659 idem
563 1616 764 1659 Centurio
789 1631 885 1659 cum
910 1616 998 1659 aliis
1019 1617 1091 1674 qui
1109 1632 1252 1660 secum
1272 1627 1414 1669 erant,

67 1688 324 1732 tremefactis
347 1686 493 1729 mundi
517 1687 759 1729 cardinibus
783 1687 822 1728 in
846 1687 1038 1744 passione
1056 1688 1224 1730 Domini
1248 1689 1422 1732 confite·

67 1768 137 1801 tur
159 1774 169 1801 ε
193 1768 235 1802 et
258 1767 326 1805 tn,
351 1757 549 1799 haeretice
565 1790 573 1803 ,
602 1772 727 1814 negas
749 1758 757 1798 I
791 1756 992 1799 Centurio
1016 1758 1117 1800 dicit
1139 1773 1148 1799 ε
1176 1759 1317 1801 «Vere
1347 1760 1419 1803 Fi-

68 1830 175 1872 »lius
198 1828 272 1870 Dei
295 1837 384 1869 erat
414 1826 530 1868 istest
561 1826 688 1875 Erat,
713 1846 727 1866 ι)
758 1826 893 1883 inquit
917 1828 1139 1877 Centurio,
1161 1837 1202 1870 et
1220 1830 1419 1872 Arrianus

69 1899 195 1941 dicit:
223 1898 315 1940 Non
353 1905 454 1940 erat.
500 1897 572 1938 Ille
605 1912 703 1954 ergo
740 1898 1022 1954 generationis
1057 1907 1098 1940 et
1131 1900 1347 1942 veritatem
1379 1910 1421 1944 ot

68 1970 342 2012 aeternitatem
369 1968 513 2010 asserit
536 1983 662 2009 manu
684 1978 907 2017 eruentus,
937 1971 1009 2010 sed
1039 1979 1179 2012 mente
1211 1972 1414 2014 devotus:

68 2048 137 2088 tu,
159 2039 375 2086 haeretice,
396 2039 614 2079 veritatem
638 2038 916 2094 generationis
935 2054 1081 2095 negas,
1111 2050 1273 2098 teinpus
1299 2044 1422 2085 ascri-

68 2110 158 2151 bis!
200 2109 366 2150 [tinam
399 2123 546 2149 manus
581 2109 717 2162 potius
752 2124 876 2164 quam
913 2109 1092 2150 animam
1129 2115 1415 2155 cruentasses!

68 2179 152 2221 Sed
177 2193 254 2220 nec
283 2192 408 2220 manu
433 2178 632 2218 innocens
650 2210 659 2226 ‚
687 2187 727 2219 et
750 2187 888 2219 niente
914 2178 1071 2226 feralis,
1101 2189 1304 2236 quantum
1323 2183 1419 2225 inte

69 2257 154 2297 est,
191 2257 370 2290 mortem
402 2247 548 2295 infers,
579 2248 648 2304 qui
678 2247 892 2289 infirmum
924 2249 1131 2305 opinaris3
1166 2251 1274 2300 imo,
1306 2253 1420 2309 quod

70 2321 233 2377 gravius
271 2328 356 2368 est,
399 2319 475 2361 etsi
509 2319 710 2361 Dh‘initas
748 2321 895 2361 vulnus
938 2321 1090 2362 sentire
1135 2337 1216 2363 non
1261 2324 1414 2380 possit,

70 2392 183 2447 quod
209 2390 251 2431 in
276 2399 313 2432 te
339 2398 474 2432 tamen
499 2398 558 2431 est
579 2422 589 2437 ,
614 2390 877 2446 majestatem
901 2406 1018 2433 suam
1057 2391 1095 2432 in
1131 2392 1297 2435 Christo
1335 2409 1418 2437 non

71 2477 224 2519 corpus
245 2460 482 2503 interficere
500 2461 676 2503 conaris.

116 2570 124 2585 ¹
142 2562 238 2595 Joan.
254 2572 285 2601 v,
309 2573 475 2606 19·2t.—
495 2572 507 2587 ¹
530 2563 645 2596 Matth.
665 2574 728 2601 nv,
750 2565 802 2602 25,
819 2568 849 2596 et
867 2574 998 2606 seqq.-—
1018 2564 1134 2596 3lbi1i.
1153 2565 1248 2599 53‚-
1275 2566 1421 2602 turcum,

70 2627 172 2655 xxvii,
192 2616 243 2653 54.
