1806 3256
381 224 461 268 156
918 237 949 264 s.
989 236 1178 264 AMBnosu

374 317 472 359 beat
511 313 784 371 operationis,
816 321 857 355 et
892 321 1049 354 naturae
1085 312 1274 368 ejusdem
1309 312 1462 354 habeat
1495 311 1714 355 unitatem.

434 383 542 427 LXI.
580 383 730 426 Adhuc
762 391 900 424 tamen
924 382 1115 438 requiro,
1150 381 1251 437 quid
1280 381 1332 423 sit
1349 382 1462 437 quod
1481 397 1566 423 non
1588 382 1724 438 possit
1782 423 1784 437 ἶ

379 455 514 497 facere
537 468 558 494 a
582 467 626 494 se
651 452 801 499 Filius,
829 451 905 492 nisi
935 451 1084 492 viderit
1110 451 1332 492 facientem
1359 450 1566 499 Patrem¹3
1593 460 1634 493 et
1656 452 1723 492 in·-
1782 457 1784 460 “

383 523 581 580 sipienter
606 522 743 577 aliqua
769 522 821 562 de
846 520 1058 562 vilioribus
1080 521 1269 576 exempla
1299 534 1486 577 propono
1517 520 1724 562 :xFactus
1783 539 1785 563 ς

383 613 398 630 0
413 607 506 634 sum
539 591 760 647 insipiens,
790 605 861 631 vos
892 605 959 632 me
994 589 1377 646 coegistis2.»Nam
1407 590 1507 646 quid
1534 589 1727 646 insipien-

389 661 492 709 tius,
523 674 647 716 quam
675 659 726 701 de
747 659 966 714 majestate
986 659 1061 700 Dei
1086 667 1327 715 argumenta
1346 659 1576 706 discutere,
1593 675 1608 697 ι
1623 659 1726 709 Quae

386 729 665 787 »quaestiones
698 728 828 784 magis
864 736 1083 784 praestant,
1121 742 1244 784 quam
1273 727 1595 769 aedificationem
1627 728 1725 776 Dei,

392 813 514 855 »quae
541 807 603 840 est
634 798 676 839 in
711 796 867 839 fide³9»
882 796 965 839 Sed
995 798 1248 854 argumentis
1281 805 1525 854 argumenta
1562 811 1729 854 respon·
1787 838 1789 843 ,

392 869 516 910 deant
548 883 557 909 ε
584 868 662 910 illis
688 868 839 916 verba,
863 867 983 909 nobis
1013 866 1217 916 charitas,
1249 883 1340 923 quae
1365 868 1406 909 in
1431 868 1519 909 Deo
1541 876 1627 916 est,
1643 867 1733 909 «De

388 938 544 982 »corde
572 952 678 995 puro
706 946 747 979 et
774 938 1029 979 conscientia
1055 938 1165 979 bona
1188 948 1229 980 et
1252 938 1333 980 fide
1356 953 1439 980 non
1462 937 1573 980 ficta.
1594 937 1732 995 »Ergo

390 1012 443 1052 ad
474 1009 800 1051 infirmationem
834 1018 919 1051 tam
951 1009 1100 1065 ineptae
1136 1009 1460 1065 propositionis,
1500 1023 1584 1050 non
1623 1008 1737 1065 piget

392 1081 516 1123 etiam
540 1080 718 1122 ridicula
741 1080 943 1122 derivare.

452 1151 582 1194 LXII.
615 1151 841 1202 Quomodo
853 1166 951 1208 ergo
974 1151 1230 1194 videtFilius
1246 1150 1441 1193 Patrem?
1465 1150 1589 1194 Videt
1606 1165 1738 1207 equus

395 1220 626 1279 picturam,
662 1236 786 1277 quam
824 1237 898 1278 per
928 1230 1120 1262 naturam
1158 1221 1309 1262 imitari
1344 1237 1427 1262 non
1456 1230 1627 1278 potest:
1656 1236 1740 1262 non
1790 1221 1792 1228 ¹

398 1291 542 1348 utique
563 1292 621 1333 sic
646 1291 756 1334 videt
777 1292 920 1348 Filius.
945 1291 1065 1334 Videt
1080 1293 1278 1348 parvulus
1295 1292 1370 1332 viri
1394 1307 1520 1349 opera
1545 1291 1739 1346 majoris,
1791 1323 1794 1327 .

397 1364 470 1404 sed
502 1362 656 1404 imitari
685 1378 769 1404 non
805 1371 972 1419 potest:
996 1378 1073 1404 nec
1104 1363 1248 1419 utique
1270 1363 1329 1404 sic
1357 1362 1469 1405 videt
1488 1362 1564 1404 Dei
1593 1362 1738 1404 Filius.
1792 1403 1793 1406 ,

455 1430 603 1474 LXIII.
626 1431 736 1489 Ergo
761 1431 794 1473 si
816 1433 944 1474 Filius
965 1448 1039 1490 per
1059 1432 1248 1488 ejusdem
1271 1447 1367 1473 cum
1394 1432 1516 1474 Patre
1545 1447 1745 1474 arcanum
1792 1455 1794 1457 ·

398 1516 624 1543 commune
644 1511 803 1544 naturae
824 1502 1087 1544 invisibiliter
1113 1511 1155 1544 et
1182 1501 1323 1543 videre
1349 1510 1390 1543 et
1420 1501 1558 1543 facere
1581 1510 1742 1558 potest,
1794 1548 1795 1551 Ἴ

399 1578 441 1612 et
475 1585 549 1628 per
583 1571 890 1629 plenitudinem
922 1571 1156 1614 Divinitatis
1193 1572 1306 1627 quod
1343 1571 1521 1613 voluerit
1551 1571 1701 1628 exequi
1734 1585 1744 1612 ε
1794 1588 1796 1627 γ

401 1641 502 1697 quid
524 1651 736 1697 superest,
766 1642 843 1684 nisi
866 1651 912 1684 ut
935 1658 1010 1700 per
1032 1644 1234 1684 unitatem
1257 1641 1577 1699 inseparabilem
1604 1651 1745 1699 potes·

406 1710 498 1752 tatis
528 1711 631 1752 nihil
652 1711 873 1753 credamus
898 1711 1052 1753 Filium
1073 1711 1237 1759 facere,
1261 1711 1338 1753 nisi
1362 1713 1474 1768 quod
1499 1711 1649 1754 viderit
1676 1712 1751 1753 Pa·
1794 1710 1797 1758 ξ

403 1788 509 1823 trem
544 1781 800 1830 facientem3
845 1782 940 1837 quia
977 1797 1052 1839 per
1088 1781 1461 1838 incomparabilem
1501 1781 1748 1823 charitatem

406 1850 510 1892 nihil
539 1866 560 1892 a
588 1866 630 1892 se
660 1851 759 1892 facit
790 1852 944 1900 Filius,·
976 1852 1174 1908 quoniam
1206 1851 1313 1893 nihil
1339 1853 1447 1899 vult,
1482 1851 1596 1907 quod
1629 1852 1752 1894 Pater

406 1919 539 1961 nolit?
571 1920 697 1971 Quod
722 1921 865 1977 utique
889 1936 973 1963 non
996 1920 1271 1968 infirmitatis,
1298 1922 1372 1963 secl
1393 1920 1562 1962 unitatis
1582 1928 1658 1962 est.

458 2032 465 2046 ¹
486 2023 583 2054 Joau.
602 2034 634 2061 v,
655 2034 704 2064 19.
722 2043 760 2048 —-
780 2035 790 2048 2
811 2025 916 2057 2Co‘r.
932 2035 1053 2065 xn,11.
1069 2043 1109 2051 -
1126 2029 1139 2049 ³
1161 2036 1170 2057 ι
1190 2025 1273 2056 Tim.
1291 2037 1312 2063 ι,
1330 2024 1362 2063 4,
1379 2026 1413 2056 5.
