1806 3256
400 298 479 340 170
942 299 973 325 S.
1013 296 1204 325 AMBROSH

448 374 574 418 CVII.
611 376 801 417 Produnt
829 375 954 433 igitur
973 376 1232 432 impietatem
1253 387 1369 414 suam
1385 405 1394 421 ,
1415 371 1486 428 qui
1502 371 1648 414 volunt
1670 388 1744 430 ge·
1789 378 1792 411 1

392 447 655 488 nerationem
688 446 864 503 coepisse
896 446 1080 493 Christi;
1116 454 1162 486 ut
1191 444 1383 485 videatur
1412 458 1496 484 non
1529 443 1744 500 generatio

391 516 459 559 illa
482 518 609 560 Verbi
642 518 847 558 manentis
867 551 874 563 ,
899 518 970 558 sed
995 516 1175 574 prolatio
1197 514 1367 556 fluentis
1388 529 1476 556 esse
1503 514 1707 556 sermonis
1731 530 1741 556 :
1789 514 1792 533 ²

396 587 546 628 deinde
565 589 719 628 multos
743 587 982 628 inducendo
1008 585 1136 634 filios,
1158 594 1312 642 negent
1337 585 1377 626 in
1403 584 1570 626 Christo
1594 579 1744 626 divinae
1789 619 1793 647 2

395 658 694 715 proprietatem
715 667 897 704 uaturae3
924 665 966 697 ut
997 672 1073 697 nec
1098 656 1359 712 unigenitus,
1392 670 1468 696 nec
1494 652 1745 712 primogeni-
1788 698 1792 706 ,

395 736 461 769 tus
483 727 715 768 aestimetnr
735 742 743 768 ε
767 736 979 784 postremo
1005 735 1049 767 nt
1071 726 1103 767 si
1126 726 1379 782 principium
1404 727 1601 766 credatur
1630 740 1746 767 acce·
1789 711 1792 738 ἦ

397 797 523 853 pisse,
549 797 673 837 etiam
693 795 819 837 finem
843 797 1033 837 videatur
1049 795 1281 837 habiturus.

451 866 597 908 CVIII.
637 866 719 908 Sed
738 882 874 922 neque
892 866 1145 922 principium
1170 865 1392 920 assumpsit
1416 863 1640 920 aliquando
1666 863 1743 905 Dei
1789 895 1792 906 .

389 937 518 979 Filius
534 969 546 984 ,
571 937 640 992 qui
660 937 807 978 eratin
826 937 1073 993 principio¹z
1096 952 1231 992 neque
1256 935 1380 976 finem
1402 935 1575 976 habebit
1594 934 1663 990 qui
1682 942 1745 975 est
1788 942 1793 967 ἱ

391 1007 645 1065 principium
667 1007 946 1048 universitatis
965 1016 1005 1048 et
1024 1006 1129 1048 linis.
1153 1007 1255 1048 Nam
1274 1022 1371 1047 cnm
1390 1007 1441 1047 sit
1458 999 1743 1062 principinm²,
1789 1007 1792 1040 ἰ

394 1080 607 1134 quomodo
629 1081 741 1133 qnod
769 1078 969 1124 habebat,
1001 1078 1190 1134 aceepit?
1212 1086 1282 1118 aut
1301 1077 1512 1133 quomodo
1535 1077 1596 1117 sni
1620 1075 1745 1117 finem
1788 1074 1792 1091 ¹

391 1149 592 1197 habebit,
625 1165 721 1191 cum
752 1149 942 1190 omnium
980 1148 1066 1204 ipse
1094 1149 1145 1189 sit
1178 1147 1296 1193 finis,
1322 1157 1366 1188 nt
1390 1147 1429 1187 in
1456 1147 1525 1187 illo
1554 1144 1635 1187 fine
1659 1146 1747 1187 sine
1788 1165 1792 1194 ¹:

390 1218 474 1260 fine
498 1219 775 1260 maneamus?
802 1219 875 1260 Dei
902 1218 1012 1259 enim
1040 1218 1253 1274 generatio
1276 1232 1371 1258 cum
1399 1216 1639 1273 temporalis
1664 1231 1748 1257 non

399 1291 475 1339 sit,
495 1306 572 1332 nee
597 1299 693 1332 ante
710 1305 752 1331 se
768 1324 777 1337 ,
800 1304 880 1341 nec
899 1290 939 1330 in
964 1304 1007 1330 se
1030 1299 1193 1345 tempus
1221 1288 1391 1329 invenit.

458 1360 567 1402 CIX.
606 1360 770 1416 Frigida
796 1359 921 1415 igitur
942 1373 1089 1400 eorum
1108 1367 1149 1398 et
1167 1373 1267 1398 vana
1292 1356 1466 1413 qncestio
1487 1357 1525 1397 in
1546 1356 1749 1397 creaturis
1788 1405 1791 1412 μ

400 1429 498 1486 ipsis
522 1445 604 1470 non
629 1430 757 1471 hahet
775 1430 940 1476 loeium
963 1429 1048 1485 ipsa
1072 1428 1226 1469 etenim
1250 1442 1340 1483 quae
1364 1426 1609 1483 temporalia
1627 1433 1748 1474 sunt,

395 1500 692 1542 discretionem
715 1499 754 1539 in
773 1499 1024 1554 quibusdan]
1045 1498 1200 1539 habere
1220 1496 1418 1553 tempor-is
1437 1511 1520 1537 non
1538 1492 1743 1537 videntur.

399 1571 490 1613 Lux
507 1586 658 1627 nempe
682 1571 948 1626 splendorem
972 1577 1166 1626 generat,
1193 1584 1269 1609 nec
1294 1567 1595 1624 comprehendi
1616 1573 1753 1623 potest

400 1643 514 1698 quod
538 1642 737 1698 splendor
761 1642 853 1682 luce
878 1640 1084 1697 pos-terior
1106 1640 1178 1687 sit,
1212 1648 1281 1680 aut
1299 1641 1369 1680 lux
1398 1639 1622 1694 splendore
1643 1637 1754 1678 anti·
1787 1645 1790 1653 '

397 1714 538 1769 quior;
560 1712 654 1767 quia
679 1711 751 1752 ubi
775 1713 917 1752 lumen
941 1720 1019 1759 est,
1041 1711 1243 1767 splendor
1259 1718 1321 1751 est
1347 1725 1354 1750 :
1382 1717 1422 1750 et
1442 1708 1511 1749 ubi
1536 1708 1751 1764 splendor,

399 1782 526 1823 etiam
561 1783 702 1822 lumen
739 1790 813 1823 est.
844 1782 988 1838 Itaque
1014 1796 1091 1822 nec
1118 1781 1205 1822 sine
1231 1781 1453 1837 splendore
1482 1780 1647 1825 lumen,
1677 1791 1754 1818 nec
1786 1804 1790 1838 1

401 1853 600 1909 splendor
622 1860 864 1909 potestesse
883 1853 970 1893 sine
992 1852 1179 1900 lumine;
1205 1851 1301 1906 qnia
1326 1859 1367 1891 et
1389 1850 1427 1890 in
1454 1849 1678 1906 splendore
1695 1848 1756 1887 lu·
1786 1887 1790 1910 Ι

397 1938 494 1965 men
510 1955 519 1970 ‚
548 1930 589 1963 et
611 1923 811 1979 splendor
833 1922 874 1963 in
898 1922 1057 1963 lumine
1073 1930 1147 1963 est.
1173 1922 1291 1962 [nde
1313 1929 1355 1961 et
1376 1918 1602 1976 Apostolus
1621 1917 1757 1974 splen·
1785 1935 1790 1966 ς

395 1994 542 2034 dorem
561 2000 746 2049 paternae
759 1993 899 2049 gloriae
916 1993 1071 2033 Filium
1090 1990 1229 2039 dixit³3
1253 1989 1351 2047 quia
1365 1989 1562 2046 splendor
1573 1995 1757 2044 paternae

398 2062 504 2104 lucis
521 2071 583 2103 est
603 2062 734 2103 Filius
762 2077 769 2101 :
798 2071 1052 2109 coaeternus,
1073 2070 1245 2119 propter
1266 2060 1426 2101 virtutis
1449 2057 1724 2100 aeternitatem
1746 2070 1755 2096 :
1785 2028 1790 2098 i

398 2131 709 2188 inseparabilis,
734 2141 905 2188 propter
923 2132 1184 2173 claritudinis
1208 2131 1425 2172 unitatem.

456 2201 544 2244 CX.
581 2202 689 2257 Ergo
707 2202 738 2242 si
759 2202 1004 2259 temporalia
1021 2210 1061 2243 et
1081 2206 1197 2242 aerea
1215 2201 1302 2242 haec
1327 2198 1691 2255 comprehendere
1718 2204 1761 2237 et:

397 2286 589 2330 separare
603 2287 682 2312 non
697 2287 918 2329 possumus
939 2288 1030 2328 qme
1045 2273 1249 2319 videmus,
1266 2272 1401 2313 Deum
1416 2284 1538 2326 quen]
1553 2283 1635 2309 non
1651 2266 1761 2308 vide-

395 2357 505 2391 mus,
521 2342 589 2398 qui
602 2357 726 2399 super
741 2357 909 2383 omnem
925 2351 1234 2384 estereaturam
1250 2374 1259 2389 ‚
1278 2341 1415 2397 inipso
1430 2354 1512 2397 spae
1525 2338 1760 2396 generatio-
1783 2350 1788 2386 ἲ

394 2415 457 2456 nis
474 2428 628 2455 arcano
652 2428 873 2469 possumus
889 2411 1279 2469 comprehendere?
1296 2412 1522 2453 Possumus
1534 2424 1632 2450 eum
1652 2423 1670 2449 a
1687 2407 1759 2448 Fi-

398 2485 454 2525 lio
476 2492 666 2539 tempore
697 2498 890 2540 separare
906 2514 916 2530 ,
942 2497 1038 2524 cum
1057 2496 1183 2522 omne
1206 2489 1370 2538 tempus
1394 2496 1498 2537 opus
1524 2478 1618 2520 Filii
1640 2475 1722 2519 sit?

454 2552 563 2596 CXI.
606 2552 808 2594 Desinant
830 2567 929 2609 ergo
948 2551 1087 2593 dicere
1108 2566 1116 2592 :
1137 2551 1189 2593 Et
1207 2559 1434 2607 antequam
1460 2550 1765 2607 generaretur,
1784 2588 1787 2591 .

439 2650 446 2665 ¹
468 2643 564 2675 Joan.
583 2654 607 2683 ι,
625 2654 653 2676 ι.
671 2662 710 2669 --
730 2654 741 2668 ²
768 2644 820 2676 ld.
838 2655 908 2681 vnn,
927 2645 1025 2676 25.—-
1045 2642 1222 2680 ³11e1›1·.1‚
1240 2643 1269 2674 5.
