1806 3256
496 269 549 296 ως
579 267 690 303 rum,
725 270 804 298 Lm.
846 272 906 299 111.
1309 257 1389 299 135

43 359 255 395 extentum
281 349 358 391 sibi
378 349 576 405 laqueum
594 362 678 389 non
700 358 915 392 caverunt.
947 351 1010 392 Ita
1037 352 1138 393 dum
1166 349 1292 393 fidem
1322 366 1391 392 se-

44 414 244 478 i‘luuntur,
264 420 436 461 hamum
455 410 642 460 nefandae
656 418 809 461 fraudis
829 415 1169 463 attrectaverunt.
1195 421 1248 462 Et
1266 422 1358 463 ideo
1377 436 1387 463 ε

56 492 248 538 «Estote,
275 490 432 546 inquit,
460 489 582 530 astuti
605 490 711 530 sicut
735 499 968 547 serpentes,
996 500 1036 532 et
1053 492 1262 549 simplices
1284 492 1394 533 sicut

45 561 304 603 »columbae’
328 578 338 608 3
360 560 658 616 »praemittitur
680 560 828 601 astutia
843 593 853 607 ‚
881 570 925 602 ut
941 561 992 603 sit
1019 570 1107 603 tuta
1129 561 1387 618 simplicitas,

47 628 49 630 ¹
105 626 298 673 CXXXI.
339 629 446 671 Sunt
475 630 586 670 enim
614 631 829 686 serpentes
855 631 1117 689 Evangelici,
1140 633 1210 689 qui
1234 646 1396 673 exuunt.

28 709 230 746 ,Veterem
252 716 398 748 usum,
423 708 469 741 ut
500 700 675 741 induant
703 715 831 742 novos
862 717 1024 752 mores,
1055 704 1163 744 sicut
1189 703 1394 759 scriptum

45 775 107 815 est
130 787 139 813 :
165 790 180 811 α
202 766 468 828 Expoliantes
487 779 670 810 veterem
688 770 904 812 hominem
929 786 1026 813 cum
1046 773 1207 814 actibus
1225 772 1334 828 ejus,
1354 780 1396 813 et

43 843 295 884 »induentes
319 855 474 882 novum
497 840 731 881 secundum
752 839 976 897 imaginem
1001 841 1116 897 ejus,
1142 841 1213 897 qui
1240 841 1398 882 creavit

45 906 210 954 »eum².
234 930 248 950 n
272 911 489 953 Discamus
508 924 607 966 ergo
626 909 822 966 depositis
845 911 996 952 vetusti
1017 911 1197 952 hominis
1220 910 1389 952 exuviis.

45 979 394 1038 Evangelicorum
413 979 669 1037 serpentium
693 980 801 1028 vias3
824 990 867 1022 ut
889 997 1006 1024 more
1027 982 1284 1039 serpentium
1306 996 1396 1023 ser-

44 1068 140 1095 vare
160 1056 308 1108 caput,
330 1051 520 1092 fraudem
547 1065 693 1092 cavere
711 1065 947 1094 noscamus.

108 1122 325 1164 CXXXII.
370 1121 478 1162 Satis
512 1119 647 1161 suerat
678 1120 819 1161 dicere
846 1136 853 1161 :
898 1121 980 1171 Qui
1022 1121 1122 1162 dicit
1160 1129 1396 1162 creaturam

48 1192 280 1238 Christum,
307 1191 529 1232 anathema
552 1191 615 1231 sit.
647 1190 732 1231 Cur
755 1190 866 1231 bono
891 1190 1178 1238 consessionis,
1204 1190 1394 1238 Arriam,

46 1277 204 1305 venena
222 1261 448 1318 permisces
463 1293 473 1308 ‚
494 1268 538 1301 ut
556 1266 691 1300 totum
713 1274 866 1316 corpus
886 1259 1177 1301 contamines?
1192 1259 1398 1301 Addendo

47 1332 182 1373 enim:
203 1332 446 1373 Secundum
461 1338 633 1370 caeteras
658 1339 889 1378 creaturas,
906 1345 989 1371 non
1009 1339 1245 1371 creaturam
1259 1330 1399 1371 Chris-

48 1396 137 1444 tum
161 1416 309 1458 negas,
337 1401 409 1441 sed
437 1408 673 1441 creaturam
700 1399 803 1441 dicis
831 1415 918 1441 esse
940 1400 1210 1447 dissiu1ilem3
1234 1408 1401 1441 creatu-

47 1486 136 1513 ram
165 1472 276 1513 enim
301 1471 422 1516 dicis,
451 1470 528 1511 etsi
559 1470 884 1526 prestantiorem
915 1470 1075 1511 caeteris
1105 1485 1262 1510 asseras
1287 1484 1401 1510 crea-

48 1541 163 1584 turis.
183 1540 374 1596 Denique
397 1540 542 1581 Arrius
566 1539 692 1594 hujus
714 1539 936 1596 impietatis
952 1540 1146 1596 magister
1158 1539 1401 1582 DeiFilium

55 1618 288 1652 creaturam
309 1609 411 1651 dixit
427 1624 514 1650 esse
531 1609 782 1665 perfectam,
798 1610 870 1651 sed
883 1625 966 1650 non
981 1610 1086 1651 sieut
1103 1620 1273 1651 caeteras
1287 1624 1401 1651 crea-

51 1689 177 1723 turas.
200 1680 358 1722 Videtis
377 1679 502 1736 igitur
525 1679 791 1720 haereditario
815 1680 942 1736 patris
961 1681 1086 1722 vestri
1108 1696 1176 1722 vos
1200 1696 1297 1721 usos
1313 1695 1403 1722 esse

49 1750 272 1793 Sermone?
296 1749 368 1791 Sat
396 1758 457 1791 est
486 1757 724 1790 creaturam
756 1765 933 1806 negare,
973 1750 1073 1806 qnid
1096 1766 1200 1807 opus
1226 1750 1303 1792 suit
1332 1752 1406 1791 ad—

50 1821 149 1862 dere
170 1835 178 1861 :
204 1819 288 1862 Sed
316 1836 398 1861 non
420 1820 528 1861 sicut
552 1828 724 1861 caeteras
748 1820 992 1861 creaturas?
1013 1821 1171 1863 Recide
1194 1822 1308 1877 quod
1334 1836 1406 1878 pu-

49 1889 169 1938 truit,
190 1905 242 1931 ne
265 1898 405 1947 serpat
421 1889 616 1946 contagio
639 1903 647 1929 :
674 1904 880 1931 venenum
899 1890 1024 1932 hahet
1040 1906 1049 1932 :
1066 1901 1246 1933 mortem
1269 1891 1400 1933 affert.

110 1959 347 2001 CXXXIII.
395 1959 558 2000 Deinde
596 1958 699 1999 dicis
732 1959 945 2001 interdum
983 1962 1117 2001 Deum
1158 1960 1371 2002 Christum
1396 1976 1404 2000 :

49 2030 122 2071 sed
147 2029 201 2071 ita
224 2030 291 2070 dic
315 2029 454 2069 Deum
477 2042 623 2068 verum
639 2059 649 2077 ‚
677 2036 721 2069 ut
746 2029 1052 2083 plenitudinem
1072 2030 1108 2070 ei
1129 2039 1312 2086 paterna}
1331 2030 1408 2072 Di-

49 2099 232 2141 vinitatis
250 2098 454 2154 assigue53
479 2105 576 2138 sunt
593 2097 704 2137 euim
725 2097 795 2152 qui
813 2097 1013 2139 dicuntur
1033 2099 1089 2139 dii
1107 2100 1191 2140 sive
1214 2100 1254 2140 in
1278 2102 1399 2147 coelo,

51 2168 136 2210 sive
160 2168 201 2209 in
224 2175 350 2208 terra.
379 2167 469 2209 Non
497 2182 597 2223 ergo
620 2166 908 2223 perfunctorie
934 2171 1246 2225 nuncupandus
1267 2170 1378 2211 Deus
1394 2202 1403 2217 ‚

52 2239 125 2279 sed
145 2237 200 2279 ita
224 2244 269 2278 ut
290 2238 483 2278 eamdem
519 2236 786 2277 Divinitatem
814 2237 1018 2293 praedices
1048 2239 1088 2279 in
1119 2239 1249 2286 Filio,
1283 2255 1407 2295 quam

50 2308 174 2350 Pater
194 2308 342 2355 habet,
363 2307 470 2348 sicut
491 2307 695 2363 scriptum
713 2315 802 2348 est:
828 2325 842 2345 (ι
861 2307 980 2350 Sicut
1001 2310 1115 2350 euim
1141 2310 1262 2351 Pater
1281 2311 1406 2352 vitam

53 2377 210 2419 »habet
233 2377 273 2418 in
299 2378 544 2433 semetipso,
573 2376 631 2417 sic
665 2377 780 2417 dedit
805 2385 846 2418 et
879 2378 986 2419 Filio
1016 2379 1142 2420 vitam
1174 2379 1331 2422 habere
1367 2381 1408 2421 in

54 2446 345 2504 »semetipso·“’.
368 2465 383 2486 »
407 2447 530 2489 Dedit
552 2447 697 2501 utique
718 2447 833 2503 quasi
856 2448 962 2489 Filio
981 2464 1055 2505 per
1074 2451 1404 2506 generationem,

54 2531 140 2560 uon
166 2518 284 2574 quasi
314 2517 429 2575 inopi
460 2532 536 2575 per
558 2516 749 2575 gratiam.

105 2617 114 2632 ¹
134 2607 252 2641 Matth.
269 2619 298 2645 x,
316 2608 365 2641 16.
383 2625 422 2633 —
440 2618 451 2632 ¹
471 2608 593 2640 coloss.
609 2619 660 2645 ιιι,
676 2619 709 2650 9,
731 2619 780 2640 ιο.
795 2626 834 2634 —-
854 2610 869 2634 ⁵
886 2609 983 2643 Joan.
1002 2621 1033 2649 v,
1054 2611 1106 2643 26.
