1768 3283
360 312 448 360 4¹0
917 321 947 348 s.
983 319 1174 348 AMnnosn

363 422 379 443 »
394 403 553 446 dictum
568 411 632 446 est
653 417 662 446 :
680 420 695 441 a
711 401 940 444 Dominum
959 400 1097 442 Deum
1115 408 1235 442 tuum
1255 399 1463 450 adorabis,
1490 409 1531 443 et
1553 401 1611 445 illi
1637 403 1713 446 soli

361 473 584 515 »servies¹.
610 492 626 513 »

414 543 645 586 LXXVIII.
683 541 767 583 Sed
798 555 850 582 ne
880 540 988 582 sorte
1024 539 1287 597 propositum
1317 541 1464 599 aliquis
1497 543 1714 601 praetersu·

362 629 458 671 gere
489 613 683 654 videatur
716 611 982 667 exemplum,
1020 624 1100 665 qua
1138 611 1299 652 ratione
1332 614 1383 654 ad
1416 613 1714 656 incarnationis
1767 627 1768 634 ¹

359 683 589 726 Dominicae
612 690 925 725 sacramentum
956 689 1145 737 spectare
1169 682 1375 731 videatur,
1401 686 1513 740 quod
1540 684 1596 726 ait
1617 684 1715 726 Pro·

363 753 489 811 pheta
510 769 519 794 :
537 770 551 790 α
565 753 748 796 Adorate
770 752 999 794 scabellum
1021 753 1174 807 pedum
1194 752 1284 808 ejus
1299 752 1332 801 ²,
1349 772 1364 792 »
1379 754 1713 804 consideremus3

362 837 446 864 non
471 822 582 864 enim
602 837 652 863 ex
668 837 747 863 usu
765 821 985 863 hominum
1009 821 1216 862 aestimare
1240 823 1443 864 debemus
1463 824 1711 866 scabellum.

362 894 464 936 Nam
489 908 625 948 neque
658 892 885 949 corporalis
908 892 1036 939 Deus,
1064 900 1136 933 aut
1162 907 1243 932 non
1269 893 1522 942 immensus3
1551 903 1598 936 ut
1621 902 1716 936 tan-

364 979 487 1020 quam
517 954 698 1005 sulcrum
731 964 910 1019 pedibus
937 963 1027 1016 ejus
1057 959 1286 1004 scabellum
1321 964 1561 1020 subjectum
1593 974 1717 1021 pute-

363 1048 468 1073 mus.
494 1033 636 1088 Neque
661 1034 921 1074 adorandum
940 1032 1168 1087 quidquam
1187 1041 1339 1089 praetcr
1359 1035 1495 1074 Deum
1512 1034 1712 1091 legimus;

361 1103 456 1159 quia
481 1103 684 1159 scriptum
712 1111 773 1144 est
798 1118 838 1143 :a
860 1102 1091 1144 Dominum
1120 1102 1257 1143 Deum
1287 1111 1405 1144 tuum
1430 1105 1646 1154 adorabis,
1676 1113 1718 1146 et

364 1174 470 1230 »ipsi
493 1173 568 1215 soli
591 1172 785 1215 servies³.
811 1173 1066 1224 »Quomodo
1089 1188 1188 1230 ergo
1216 1175 1411 1215 adversus
1438 1174 1591 1231 Legem
1620 1175 1718 1217 Pro-

360 1245 486 1301 pheta
509 1245 777 1301 praeciperet,
802 1244 877 1286 sub
897 1244 1006 1301 Lege
1026 1244 1224 1292 nutritus,
1250 1253 1291 1285 et
1309 1245 1497 1287 eruditus
1521 1246 1561 1287 in
1588 1246 1712 1303 Lege.

362 1313 451 1356 Non
470 1313 695 1355 mediocris
719 1313 845 1370 igitur
865 1313 1057 1369 quaestio,
1083 1322 1124 1355 et
1147 1313 1240 1355 ideo
1265 1314 1504 1371 diligentius
1522 1315 1717 1356 conside-

362 1397 502 1423 remus
528 1383 631 1438 quid
654 1383 706 1424 sit
731 1383 974 1424 scabellum.
1003 1382 1200 1439 Legimus
1228 1383 1340 1424 enim
1375 1383 1471 1425 alibi
1493 1399 1534 1424 τε(
1553 1383 1716 1426 Coelum

362 1472 376 1490 »
392 1452 493 1493 mihi
516 1453 708 1501 thronus,
727 1461 837 1494 terra
859 1459 998 1494 autem
1023 1453 1254 1494 scabellum
1272 1452 1426 1508 pedum
1443 1452 1668 1494 meorum&
1691 1471 1707 1492 »

362 1523 443 1564 Sed
472 1537 551 1564 ncc
582 1532 689 1564 terra
714 1524 926 1565 adoranda
950 1531 1012 1565 est
1033 1523 1177 1572 nobis,
1204 1523 1298 1579 quia
1322 1532 1513 1577 creatura
1538 1531 1600 1565 est
1621 1522 1711 1566 Dei.

420 1592 619 1635 LXXIX.
656 1593 882 1635 Videamus
910 1601 1051 1634 tamen
1074 1608 1126 1634 ne
1150 1601 1304 1634 terram
1329 1594 1442 1635 illam
1475 1594 1587 1635 dicat
1615 1595 1718 1635 ado-

360 1663 533 1704 randam
555 1661 781 1719 Propheta,
803 1678 928 1718 quam
942 1663 1146 1704 Dominus
1166 1663 1287 1704 Jesus
1308 1664 1349 1704 in
1372 1663 1507 1705 carnis
1531 1678 1718 1719 assump-

363 1733 472 1774 [ione
511 1732 708 1788 suscepit.
752 1732 897 1787 Itaque
931 1747 1007 1788 per
1037 1733 1267 1774 scabellum
1300 1739 1412 1774 terra
1444 1732 1717 1789 intelligitur:

360 1818 434 1860 per
458 1811 612 1844 terram
637 1809 777 1843 autem
800 1817 897 1843 caro
917 1801 1090 1849 Christi,
1111 1817 1237 1858 quam
1263 1802 1472 1858 hodieque
1492 1802 1534 1843 in
1557 1810 1718 1858 myste—

359 1873 428 1914 riis
448 1873 688 1919 adoramus,
714 1880 756 1913 et
777 1887 902 1928 quam
919 1870 1109 1928 Apostoli
1131 1872 1171 1913 in
1185 1872 1369 1914 Domino
1386 1873 1498 1918 Jesu,
1518 1879 1565 1912 ut
1588 1886 1716 1928 supra

360 1943 566 1991 diximus,
598 1943 852 1990 adorarunt3
884 1958 1021 1998 neque
1052 1942 1164 1983 enim
1195 1942 1350 1984 divisus
1383 1951 1446 1984 est
1477 1941 1713 1990 Christus⁵,

361 2015 433 2054 sed
460 2027 568 2054 unus
585 2027 746 2069 :neque
768 2027 866 2054 cum
891 2014 1089 2054 adoratur
1111 2021 1312 2069 tanquam
1336 2012 1412 2054 Dei
1429 2011 1575 2058 Filius,
1596 2018 1716 2052 natus

359 2098 410 2124 <ex
422 2081 590 2138 Virgine
604 2081 848 2138 denegatur.
872 2081 978 2123 Cum
992 2082 1119 2139 igitur
1138 2081 1439 2123 incarnationis
1456 2081 1717 2122 adorandum

360 2151 411 2192 sit
442 2159 777 2200 sacramentum,
804 2151 1037 2193 incarnatio
1069 2161 1210 2193 autem
1243 2166 1347 2208 opus
1378 2150 1584 2208 Spiritus,
1609 2150 1718 2192 sicut

361 2221 563 2278 scriptum
586 2230 648 2263 est
674 2235 715 2262 :a
735 2221 914 2278 Spiritus
937 2230 1104 2263 sanctus
1128 2220 1396 2278 superveniet
1417 2220 1458 2261 in
1483 2228 1540 2269 te,
1564 2227 1606 2261 et
1630 2219 1715 2261 vir-

360 2311 372 2330 »
392 2300 455 2332 tus
488 2290 680 2333 altissimi
713 2292 988 2334 obumbrabit
1019 2292 1121 2340 tibi;
1147 2300 1189 2333 et
1215 2292 1330 2348 quod
1363 2294 1560 2332 nascetur
1592 2305 1642 2332 ex
1675 2297 1716 2331 te

360 2368 608 2407 »sanctum,
646 2361 865 2403 vocabitur
899 2362 1028 2404 Filius
1064 2362 1162 2404 Dei⁶
1194 2377 1203 2403 ε
1235 2380 1249 2400 »
1272 2361 1386 2403 haud
1420 2360 1548 2402 dubie
1587 2360 1714 2402 etiam

360 2439 528 2472 sanctus
554 2431 736 2488 Spiritus
760 2432 996 2473 adorandus
1018 2440 1101 2480 est,·
1122 2433 1291 2488 quando
1313 2433 1512 2473 adoratur
1532 2431 1617 2479 ille,
1643 2429 1714 2487 qui

359 2500 593 2542 secundum
616 2516 787 2544 carnem
811 2510 932 2544 natus
955 2518 1004 2544 ex
1026 2502 1184 2560 Spiritu
1203 2510 1347 2544 sancto
1365 2511 1442 2545 est.

408 2612 413 2624 ¹
436 2603 533 2634 Dent.
555 2614 598 2640 vt,
623 2603 671 2635 13.
687 2622 727 2628 -
745 2614 757 2628 ⁸
777 2604 863 2637 Psal.
881 2615 998 2645 xcvxn,
1017 2607 1047 2639 5.
1068 2624 1107 2631 --
1123 2607 1136 2630 ³
1153 2607 1251 2640 Deut.
1269 2615 1314 2644 v1,
1334 2606 1384 2637 13.
1402 2622 1442 2628 -
1460 2605 1472 2632 4
1490 2604 1564 2635 Isa'i·
1579 2612 1665 2638 mvn
1683 2611 1711 2634 ι.

359 2652 398 2680 -⁹-
418 2657 430 2679 ⁵
452 2665 461 2686 1
481 2655 560 2688 Cor.
575 2668 598 2696 1,
623 2658 671 2689 ιδ.
690 2675 729 2681 -
745 2659 848 2691 ⁶Luc.
867 2670 892 2700 ι,
908 2659 961 2690 35.
