1768 3283
315 323 396 375 342
862 335 893 362 s.
935 335 1121 364 ΑΜΒιιοειι

315 413 449 457 divisit
472 413 644 456 dicens:
674 430 689 451 «
711 411 953 454 Sorvierunt
983 420 1184 454 creaturae
1213 410 1350 468 potins
1376 422 1500 467 quam
1538 425 1655 453 crea-

312 484 460 527 »tori¹.
494 503 509 523 ι)

371 555 496 598 XLV.
536 554 670 595 Simul
693 552 870 595 creatori
890 553 1085 592 admonet
1103 550 1366 591 serviendum
1384 583 1393 597 ‚
1419 551 1654 594 damnando

312 642 381 668 cos
400 625 469 682 qui
489 624 673 666 serviunt
690 631 891 664 creaturae
905 654 915 670 ‚
941 636 1036 663 cum
1067 621 1245 663 creatori
1268 621 1655 682 servitiumaedebea-

309 711 415 737 mus.
461 695 512 735 Et
551 693 747 749 quoniam
788 700 1021 734 creatorem
1053 691 1252 748 Spiritum
1296 700 1492 740 noverat,
1532 693 1655 734 docet

307 765 442 806 eidem
469 763 755 811 serviendum,
783 762 954 804 dicens:
977 780 991 799 ι(
1015 760 1160 803 Videte
1185 776 1332 822 canes,
1358 761 1494 803 videte
1523 763 1653 804 malos

307 835 546 892 »operarios
561 866 571 882 ,
590 834 727 874 videte
749 832 1060 880 concisione1n3
1082 847 1156 872 nos
1179 832 1292 873 enim
1311 846 1455 873 sumus
1477 832 1653 874 circum·

305 922 320 944 n
335 905 436 946 cisio
451 937 461 952 ,
485 903 554 959 qui
578 902 748 959 Spiritui
772 902 846 943 Dei
870 902 1072 943 servimus
1087 900 1117 942 ².
1140 919 1156 939 »

356 970 507 1017 XLVI.
548 973 674 1024 Quod
703 972 735 1014 si
764 971 855 1028 quis
884 972 936 1012 de
967 972 1193 1013 latinorum
1222 970 1418 1013 codicum
1457 970 1653 1014 varietate

304 1043 547 1092 contendit,
590 1056 770 1098 quorum
802 1041 960 1096 aliquos
992 1040 1142 1097 perfidi
1172 1040 1458 1089 falsaverunt,
1495 1056 1651 1098 graecos

303 1114 495 1172 inspiciat
536 1113 704 1155 codices
724 1145 735 1161 ,
774 1119 816 1153 et
853 1113 1040 1153 advertat
1074 1110 1170 1167 quia
1210 1111 1267 1153 ibi
1304 1111 1506 1168 scriptum
1548 1121 1609 1154 est
1637 1127 1648 1153 ε

303 1188 333 1226 οἳ
354 1189 528 1237 Πνώματι
548 1191 635 1225 Θεοῦ
651 1186 871 1236 λατρευοντες
887 1181 1001 1238 quod
1017 1181 1315 1239 interpretatur
1335 1182 1488 1224 latinus
1507 1198 1546 1225 :«
1567 1182 1651 1235 Qui

302 1269 318 1290 »
332 1250 504 1308 Spiritui
523 1250 599 1292 Dei
617 1251 831 1293 servimus.
860 1270 875 1290 »

359 1319 525 1363 XLVII.
573 1320 682 1377 Ergo
725 1335 823 1378 cum
866 1321 1132 1364 serviendum
1168 1321 1279 1364 dicat
1322 1322 1494 1379 Spiritui
1537 1323 1649 1365 idem

297 1392 520 1448 Apostolus
535 1424 545 1439 ‚
565 1391 634 1447 qui
661 1407 744 1433 non
763 1401 964 1434 creaturae
980 1425 988 1440 ‚
1014 1394 1087 1434 sed
1109 1393 1288 1434 creatori
1306 1393 1450 1436 asserit
1468 1394 1649 1436 servien-

298 1463 426 1509 dum;
451 1461 666 1502 evidenter
681 1462 825 1518 utique
845 1469 885 1503 et
909 1462 995 1520 ipse
1014 1471 1205 1504 sanctum
1231 1460 1414 1505 ostendit
1444 1463 1647 1520 Spiritum

299 1539 532 1572 creatorem
547 1564 557 1577 .
583 1539 624 1572 et
647 1531 687 1571 in
710 1539 875 1573 aeternae
900 1531 1135 1573 Divinitatis
1153 1532 1313 1573 honore
1330 1535 1642 1582 venerandnm3

297 1600 391 1657 quia
409 1600 609 1657 scriptum
634 1609 725 1642 est:
755 1618 771 1639 «
802 1602 1031 1644 Dominum
1055 1602 1189 1644 Deum
1218 1610 1338 1643 tuum
1363 1602 1579 1652 adorabis,
1603 1609 1646 1645 et

297 1669 403 1727 nipsi
432 1669 506 1711 soli
530 1669 727 1712 servies⁸.
750 1688 766 1709 ι»

342 1771 350 1785 ¹
373 1761 466 1794 Rom.
485 1773 507 1801 ι,
527 1764 576 1794 25.
591 1781 627 1787 —
647 1771 659 1786 ¹
677 1762 795 1806 Philip.
814 1774 859 1799 ιιι,
878 1775 905 1797 a.
923 1763 952 1796 5.
969 1765 1035 1788 -3
1053 1764 1170 1795 Matth.
1190 1773 1232 1802 w,
1252 1773 1301 1794 ιο.
