1768 3283
341 309 422 353 22ss
886 322 918 349 s.
959 319 1150 349 Amssnosu

333 482 432 495 §sssm
439 479 884 495 ιἏιὶιὶὶςΜςἈιἏἏιῦὶ
891 478 1008 492 mum
1014 479 1070 489 unz
1076 474 1690 489 §x-smtxaewwunnmsuzmw·

878 609 1056 654 CAPUT
1091 608 1166 652 IX.

339 776 370 820 J
377 777 532 819 ειιΙιιϊοο
560 790 680 818 more
709 773 911 816 ordinem
940 772 1170 814 verborum
1188 787 1201 812 .·
1229 771 1274 812 In
1308 769 1478 812 nomine
1499 768 1630 812 Patris
1653 777 1696 812 et
1753 820 1756 828 ι

396 847 491 890 Filii
519 853 560 889 et
592 845 771 903 Spiritus
794 843 927 887 sancti
946 876 955 891 ‚
981 840 1317 899 objicientibus,
1348 850 1507 897 proeter
1526 854 1696 896 respon·
1752 829 1758 870 ἶ

392 933 491 960 sum
514 917 629 972 quod
644 916 718 958 υἰν
734 924 910 956 sanctus
930 913 1101 954 indicat
1119 929 1146 954 α
1162 913 1316 967 sejam
1336 910 1513 963 (latum,
1536 909 1697 968 regerit

394 989 530 1030 etiam
552 986 725 1029 Filiam
748 996 849 1027 amc
882 985 1061 1026 Patrem
1085 998 1195 1040 scope
1218 981 1365 1024 locari.

406 1152 555 1197 CXVI.
594 1153 704 1205 Quin
733 1151 847 1210 quod
871 1151 998 1194 etiam
1026 1165 1145 1192 more
1176 1149 1357 1191 Juda'ico
1386 1147 1474 1190 salsi
1505 1155 1546 1190 et
1569 1147 1700 1205 impu-

344 1226 492 1266 dentes
518 1222 768 1281 interpretes
789 1222 954 1264 Arriani
985 1221 1211 1262 verborum
1233 1227 1329 1260 sunt
1352 1218 1590 1260 divinorum
1607 1249 1617 1265 ‚
1643 1217 1701 1259 di-

343 1302 485 1335 centes
512 1309 645 1350 usque
664 1294 768 1335 adeo
797 1292 918 1334 aliani
938 1291 1071 1334 Patris
1087 1323 1096 1338 ,
1125 1290 1249 1332 aliam
1274 1288 1396 1336 Filii,
1423 1287 1544 1329 aliam
1568 1286 1702 1343 Spiri-

343 1374 411 1407 tus
435 1365 566 1408 sancti
594 1380 683 1406 esse
707 1372 959 1421 potestatem
978 1395 988 1411 ,
1014 1370 1062 1404 ut
1087 1361 1291 1418 scriptum
1315 1361 1367 1401 sit
1387 1374 1396 1400 t
1415 1360 1526 1408 «Ite,
1553 1359 1702 1400 docete

344 1453 359 1474 >a
375 1450 520 1476 omnes
548 1443 716 1492 gentes,
740 1433 1000 1490 baptizantes
1026 1446 1096 1474 eos
1130 1431 1172 1473 in
1198 1430 1368 1473 nomine
1389 1429 1522 1471 Patris
1545 1436 1584 1470 et
1606 1427 1702 1470 Filii

346 1524 361 1545 n
377 1514 417 1547 et
437 1504 617 1562 Spiritus
638 1504 817 1553 saucti¹3
836 1523 851 1542 »
874 1512 916 1546 et
939 1518 989 1546 ex
1009 1503 1234 1545 verborum
1253 1501 1400 1543 ordine
1423 1498 1702 1543 differentiam

347 1577 496 1619 divinae
518 1576 678 1619 faciunt
699 1576 949 1634 potestatis?

408 1648 575 1691 CXVII.
616 1648 703 1704 Ego
722 1656 861 1690 autem
882 1647 982 1689 licet
1002 1645 1083 1688 hoc
1102 1645 1238 1702 ipsum
1262 1643 1549 1687 testimonium
1574 1642 1615 1684 in
1640 1657 1704 1684 su-

349 1718 587 1775 perioribus
609 1717 726 1760 libris
747 1733 823 1775 pro
844 1716 1006 1758 unitate
1025 1715 1276 1758 asseruerim
1301 1713 1530 1770 majestatis
1547 1726 1603 1754 'ac
1625 1727 1705 1754 no·

349 1790 496 1839 minis,
533 1797 674 1831 tamen
703 1789 735 1830 si
759 1789 859 1831 hinc
889 1788 1050 1830 faciunt
1074 1786 1373 1844 quaestionem,
1397 1800 1564 1843 possum
1594 1782 1706 1825 testi-

350 1859 501 1901 moniis
545 1874 730 1901 asserere
772 1858 1089 1915 Scripturarum
1124 1857 1164 1898 in
1202 1857 1414 1914 plerisque
1453 1855 1557 1898 locis
1591 1853 1706 1911 prius

351 1930 506 1971 Filium
526 1930 805 1976 nominatum,
828 1938 971 1986 postea
992 1929 1159 1970 Patrem
1188 1928 1362 1970 (lictum.
1393 1926 1608 1982 Numquid
1630 1924 1707 1981 igi-

351 2009 421 2042 tur
448 1999 543 2056 quia
569 2000 664 2042 Filii
687 1999 940 2057 significatio
971 2006 1069 2040 ante
1098 1998 1311 2055 praemissa
1340 2005 1426 2046 est,
1453 1997 1706 2043 verborum,
1755 2000 1758 2032 ἰ

351 2078 399 2112 ut
424 2069 590 2112 Arriani
613 2071 786 2119 volunt,
811 2068 1057 2126 praejudicio
1078 2068 1201 2110 Pater
1221 2069 1430 2109 secundus
1449 2083 1468 2109 a
1488 2066 1592 2108 Filio
1616 2063 1708 2107 est?

352 2141 497 2190 Absit,
522 2141 694 2198 inquam
711 2172 723 2190 ,
745 2141 866 2183 absit·
894 2140 1038 2183 Nescit
1059 2140 1174 2181 hunc
1202 2139 1393 2181 ordinem
1418 2137 1545 2186 fides,
1576 2135 1710 2179 nescit

353 2211 582 2254 discretum
605 2210 737 2253 Patris
761 2219 803 2253 et
825 2210 920 2253 Filii
937 2211 1157 2252 honorem.
1187 2209 1279 2252 Non
1301 2209 1407 2266 legi,
1434 2224 1518 2250 non
1542 2206 1679 2249 audivi
1695 2239 1706 2255 ,

352 2295 432 2323 nec
457 2281 635 2338 aliquem
657 2281 698 2322 in
723 2281 812 2323 Deo
837 2280 975 2321 inveni
999 2280 1189 2336 gradum.
1219 2279 1432 2334 Nusquam
1455 2278 1706 2325 secundum,

353 2365 562 2407 nusquam
587 2351 761 2392 tertium
793 2351 931 2392 Deum
954 2350 1036 2407 legi
1061 2363 1071 2391 :
1100 2349 1282 2406 primum
1306 2347 1430 2405 legi2,
1457 2347 1640 2405 primum
1664 2360 1712 2389 ac

355 2421 491 2462 solum
515 2419 667 2462 audivi.

415 2490 603 2533 CXVIII.
643 2490 685 2532 Si
715 2490 875 2533 ordinis
907 2490 1113 2548 exigimus
1153 2489 1490 2548 superstitionem
1510 2520 1521 2537 ,
1554 2501 1632 2530 nec
1660 2486 1714 2529 ad
1755 2494 1759 2524 ἰ·

356 2562 572 2604 dexteram
597 2560 730 2603 Patris
763 2562 910 2604 sedere
932 2561 1062 2604 Filius
1097 2561 1246 2611 debet,
1277 2574 1356 2604 nec
1386 2559 1570 2617 primum
1600 2572 1644 2600 se
1672 2563 1714 2599 et

401 2679 410 2696 ¹
429 2669 550 2704 Maiih.
570 2680 691 2712 xxviii,
717 2681 765 2715 ¹9·
783 2690 822 2700 -—
843 2679 856 2698 ¹
876 2671 952 2706 lsai.
970 2682 1056 2713 xum,
1074 2672 1106 2706 6.
