1806 3256
530 273 580 300 nn
615 272 726 306 Fine,
761 272 840 299 mn.
881 271 942 299 ιη.
1341 260 1418 311 123

66 361 106 395 et
123 367 249 409 supra
267 350 446 392 diximus
466 365 475 391 ε
492 349 688 391 «Christo
716 363 836 405 passo
859 347 1096 389 secundum
1119 350 1342 392 carnemi'v».
1365 350 1413 392 Iu

67 437 150 478 quo
171 421 382 468 sacerdos,
404 419 478 460 nisi
503 419 541 459 in
560 434 608 460 eo
626 419 739 474 qnod
757 416 1006 458 sacerdotali
1032 416 1254 472 assumpsit
1272 432 1322 459 cx
1342 433 1416 473 ge?

67 489 196 532 nere?

122 558 377 601 LXXXVII.
417 557 622 599 Sacerdos
660 558 771 603 enim
802 556 957 612 aliquid
996 556 1121 597 dehet
1152 554 1353 603 offerre¹,
1382 564 1424 597 et

65 630 296 670 secundnm
318 628 471 684 Legem
502 628 540 668 in
565 635 706 668 sancta
734 627 889 667 intrare
912 641 985 682 per
1006 625 1256 682 sanguinem
1286 641 1295 667 :
1321 641 1420 682 crgo

65 698 158 754 qnia
204 698 448 754 sanguinem
492 706 708 738 taurorum
733 730 743 745 ,
784 697 1087 752 hircorumque
1127 696 1421 752 repudiaverat

63 767 214 816 Deus²,
239 768 352 809 hunc
369 767 514 822 utique
534 768 798 807 sacerdotem
820 782 894 823 per
913 781 1034 807 suum
1060 766 1310 822 sanguinem
1327 798 1337 813 ,
1363 766 1421 809 si-

64 846 136 879 cut
158 837 315 894 legisti,
342 838 380 878 in
406 837 561 878 Sancta
578 846 816 878 sanctorum
838 837 930 877 coeli
950 851 1111 877 summa
1132 844 1421 893 penetrantem

62 908 283 964 oportebat
309 907 495 956 intrare;
520 916 565 949 ut
587 916 740 948 :eterna
761 915 998 948 nostrornm
1021 914 1129 947 esset
1147 906 1305 947 oblatio
1323 920 1422 962 pec-

63 985 266 1018 catorum.
294 978 408 1018 Idem
440 993 538 1033 ergo
571 979 766 1018 sacerdos
783 1010 792 1024 ,
819 977 930 1017 idem
951 984 990 1017 et
1015 975 1150 1017 hostia
1172 990 1181 1016 :
1205 984 1246 1018 et
1273 991 1416 1017 sacer-

63 1047 222 1093 dotium
242 1055 396 1096 tamen,
417 1056 458 1089 et
474 1047 728 1088 sucrificium
746 1046 939 1087 humanae
957 1046 1212 1087 conditionis
1229 1045 1416 1089 officium

61 1125 148 1164 est3
175 1131 270 1157 nam
291 1125 332 1158 et
354 1132 484 1173 agnus
517 1118 566 1158 ad
590 1117 897 1157 immolandum
922 1117 1076 1157 ductus
1096 1123 1184 1163 est,
1214 1124 1257 1157 et
1284 1130 1419 1157 sacer-

59 1186 132 1226 dos
150 1194 211 1228 est
231 1189 464 1228 secundum
484 1187 675 1226 ordinem
695 1186 1022 1227 Melchisedech.

114 1253 390 1297 LXXXVIII.
431 1254 563 1296 Nemo
588 1255 714 1311 igitur
737 1255 807 1296 ubi
833 1255 1027 1296 ordinem
1059 1253 1196 1296 cernit
1218 1254 1414 1296 humana:

60 1324 343 1371 conditionis,
374 1324 430 1365 ibi
454 1324 522 1381 jus
544 1324 782 1367 Divinitatis
801 1334 970 1366 asserat.
998 1324 1103 1367 Nam
1123 1333 1164 1366 et
1186 1324 1304 1366 illum
1327 1325 1427 1368 Mel-

70 1393 294 1435 chisedech
319 1408 393 1450 per
415 1409 540 1449 quem
565 1394 780 1437 Abraham
817 1394 974 1435 hostias
997 1409 1091 1435 suas
1115 1393 1316 1443 obtulit³,
1343 1409 1426 1443 non

68 1464 275 1519 Angelum
317 1463 461 1519 utique
507 1466 740 1505 secundum
780 1463 956 1505 <Iudaica
994 1463 1179 1505 ludibria
1226 1463 1423 1521 intelligit

70 1534 253 1575 Ecclesia
287 1534 396 1589 (16),
432 1535 504 1575 sed
534 1534 671 1575 virum
702 1542 923 1581 sanctum,
955 1548 1002 1575 ac
1036 1534 1298 1574 sacerdotem
1321 1534 1424 1581 Dei,

71 1604 141 1660 qui
167 1613 313 1660 typum
336 1619 484 1659 gerens
508 1604 705 1653 Domini,
732 1612 773 1645 et
795 1603 883 1645 sine
906 1605 1053 1653 Patre,
1082 1612 1123 1645 et
1144 1604 1233 1645 sine
1261 1612 1396 1646 matre
1412 1637 1423 1653 ,

70 1677 114 1714 et
143 1673 232 1713 sine
263 1673 542 1729 generationis
575 1674 866 1721 enarratione,
892 1682 933 1715 ct
968 1674 1056 1714 sine
1091 1673 1238 1722 initio,
1273 1683 1314 1715 et
1340 1674 1429 1714 sine

72 1741 156 1783 fine
189 1742 467 1790 describitnr;
495 1751 540 1783 nt
567 1744 808 1785 ostenderet
838 1744 1142 1799 sempiternum
1173 1743 1327 1785 Filium
1353 1743 1432 1785 Dei

72 1813 113 1853 in
134 1812 245 1854 hunc
270 1814 474 1854 mundum
494 1829 583 1854 esse
602 1822 826 1854 venturum
845 1846 854 1861 ‚
875 1815 946 1869 qui
969 1822 1011 1855 et
1032 1814 1121 1855 sine
1138 1814 1261 1856 Patre
1284 1829 1432 1856 secun-

74 1881 175 1923 dum
205 1882 535 1924 incarnationem
568 1892 691 1924 natus
721 1892 809 1932 est,
843 1892 885 1924 et
912 1883 1000 1925 sine
1028 1891 1162 1925 matre
1192 1885 1430 1931 secundum

76 1952 256 1994 divinam
279 1953 615 2009 generationem,
641 1962 682 1995 et
709 1954 797 1994 sine
824 1953 1087 1995 enarratione
1109 1954 1424 2010 generationis·;

75 2023 169 2079 quia
194 2023 399 2078 scriptum
421 2032 483 2064 est
504 2038 512 2064 ε
530 2023 880 2064 «Generationem
901 2031 1040 2064 autem
1063 2023 1152 2079 ejus
1185 2023 1277 2079 quis
1304 2038 1432 2065 enar⁶

75 2110 91 2132 »
104 2092 261 2134 fabiis?
279 2111 294 2130 »

133 2161 374 2204 LXXXIX.
411 2162 519 2220 Ergo
539 2162 657 2203 illum
680 2161 992 2203 Melchisedech
1014 2161 1052 2202 in
1074 2161 1229 2203 Christi
1247 2170 1349 2219 typo
1369 2177 1431 2203 sa-

77 2233 292 2274 cerdotem
312 2232 387 2273 Dei
409 2232 676 2289 accepimus3
703 2234 773 2273 sed
798 2233 915 2273 illum
938 2233 977 2272 in
1004 2239 1102 2288 typo
1120 2263 1130 2280 ,
1157 2232 1271 2272 hunc
1298 2233 1338 2273 in
1361 2246 1434 2273 ve-

76 2302 226 2343 ritate:
249 2309 374 2358 typus
397 2310 538 2343 autern
558 2302 706 2342 umbra
729 2309 791 2342 est
816 2301 1003 2342 veritatis
1028 2316 1036 2341 :
1056 2301 1174 2341 illum
1201 2300 1434 2342 innomine

81 2370 202 2411 unius
217 2370 411 2419 civitatis³
429 2371 542 2412 hunc
557 2386 698 2428 regem
715 2371 754 2411 in
772 2370 1116 2412 reconciliatione
1130 2370 1257 2411 totius
1271 2370 1436 2418 mundi3

79 2439 175 2495 quia
196 2439 398 2496 scriptum
420 2449 483 2482 est
504 2441 665 2482 :aDeus
685 2448 774 2482 erat
792 2440 834 2481 in
853 2439 1038 2487 Christo,
1059 2439 1268 2480 mundum
1288 2453 1438 2480 recon-

127 2548 135 2562 ⁸
172 2539 275 2572 Hebr.
316 2552 369 2577 xx,
413 2542 466 2574 25.
498 2558 536 2565 -
578 2551 589 2564 ²
633 2540 721 2574 lbid2
751 2552 860 2572 1:.-=-
886 2542 898 2564 ³
939 2541 1023 2572 Gen.
1052 2548 1129 2577 xiv,
1164 2538 1209 2571 ¹8,
1242 2542 1433 2582 εἰδείη.-

83 2595 95 2619 ⁴
129 2591 202 2626 lsai.
221 2603 289 2629 nn,
307 2592 338 2627 8.
361 2597 392 2626 et
409 2594 484 2627 Act.
503 2603 576 2632 vm,
592 2592 644 2626 33.
