1768 3283
360 280 444 323 306
919 294 948 320 s.
991 294 1176 320 ,ammom

358 387 482 413 »eum
500 372 610 413 Deus
634 371 790 428 Spiritu
814 380 957 412 sancto
977 370 1009 412 ¹.
1038 389 1052 407 »
1078 369 1228 410 Oleum
1256 368 1379 425 igitur
1401 369 1552 410 laetitiae
1571 367 1704 425 Spiri-

359 442 425 483 tus
444 450 611 482 sanctus
635 451 707 482 cst.

415 511 564 553 XCVI.
603 512 654 552 Et
687 511 861 566 pulchre
890 511 1029 552 oleum
1060 509 1212 554 laetitiae
1243 509 1373 558 dixit,
1394 523 1446 553 ne
1469 516 1704 555 creaturam

358 590 550 638 putare53
575 580 654 622 olei
682 581 791 621 euim
824 580 1065 634 hujusmodi
1088 588 1235 619 natura
1259 587 1344 626 cst,
1374 587 1419 619 ut
1442 591 1706 633 nequaquam

358 660 516 692 naturae
550 648 715 691 alterius
750 650 924 691 humido
957 650 1195 690 misceatur.
1234 649 1391 690 Laetitia
1423 662 1588 703 quoque
1624 661 1707 687 non

356 732 512 775 corpus
538 719 669 775 ungit,
700 720 772 758 sed
795 718 940 759 intima
963 718 1101 758 cordis
1122 717 1344 764 illuminat,
1365 717 1473 757 sicut
1498 716 1706 772 Propheta

360 786 462 828 dixit
483 802 492 827 ε
510 806 524 824 «
548 788 705 829 Dedisti
727 787 908 827 laetiiiam
935 788 974 827 iu
996 789 1123 828 corde
1143 786 1275 827 me02.
1300 786 1438 842 »Ergo
1462 800 1559 827 cum
1592 784 1708 825 ludat

360 872 552 913 operam,
573 858 643 913 qui
660 859 797 897 oleum
819 858 916 898 velit
939 871 1037 899 cum
1061 865 1250 898 creatura
1278 855 1517 896 humidiore
1540 853 1709 895 consun-

359 927 488 974 dere3
515 928 610 983 quia
635 943 730 967 cum
754 928 834 967 olei
859 935 1004 967 natura
1028 927 1158 967 levior
1189 926 1240 967 sit
1276 925 1434 966 caeteris
1452 957 1461 971 ,
1492 923 1710 964 residenti-

359 1001 437 1041 bus
456 998 564 1044 aliis,
589 998 748 1037 elevata
773 999 1006 1037 secernitur
1028 1011 1037 1037 ε
1064 996 1276 1052 quomodo
1306 1002 1456 1051 putant
1486 992 1551 1034 isti
1580 993 1711 1033 deter-

361 1069 455 1111 rimi
481 1082 691 1122 caupoues
725 1068 863 1107 oleum
899 1068 1052 1109 laetitiae
1084 1082 1181 1107 cum
1216 1065 1376 1107 caeteris
1405 1063 1608 1105 creaturis
1638 1077 1712 1103 sua

361 1153 482 1196 posse
505 1137 650 1177 fraude
675 1136 902 1184 cousuudi;
936 1151 1033 1178 cum
1063 1136 1206 1192 utique
1232 1150 1314 1176 nou
1337 1142 1492 1191 queant
1515 1133 1714 1190 incorpo-

362 1209 442 1251 reis
466 1222 690 1264 corporea,
717 1207 910 1248 increatis
933 1215 1071 1249 creata
1093 1195 1274 1249 misceri.

421 1278 525 1320 ch
543 1278 591 1318 ll.
630 1277 680 1317 Et
708 1277 813 1316 bene
835 1278 974 1317 oleum
1000 1276 1151 1320 laetitiae
1176 1275 1347 1323 dicitur,
1371 1289 1455 1330 quo
1477 1282 1630 1315 unctus
1653 1281 1716 1314 est

365 1348 582 1394 Christus;
618 1361 754 1401 neque
779 1346 897 1386 enim
930 1347 1129 1389 usitatum
1163 1345 1238 1388 suit
1270 1344 1308 1385 ei
1333 1345 1487 1385 -oleum
1523 1351 1566 1384 et
1603 1356 1716 1384 com-

364 1434 493 1462 muue
519 1418 792 1474 qtuerendum
810 1448 820 1464 ‚
854 1431 937 1472 quo
967 1425 1038 1460 aut
1065 1416 1237 1457 vulnera
1264 1423 1481 1460 curantur,
1502 1421 1573 1454 aut
1593 1420 1716 1453 aestus

365 1490 554 1531 levatur:
575 1502 671 1528 cum
691 1487 924 1527 fomentum
944 1487 1161 1529 vulnerum
1181 1499 1354 1526 suorum
1373 1484 1482 1524 salus
1505 1484 1719 1524 mundana

367 1574 452 1602 non
485 1565 712 1613 quaereret,
752 1570 829 1596 nec
864 1557 1137 1598 resectionem
1171 1554 1360 1612 corporis
1401 1553 1559 1610 fatigati
1588 1553 1719 1595 virtus

369 1627 621 1684 sempiterna
647 1626 909 1682 deposceret.
1637 1676 1640 1677 ⁷

427 1695 622 1740 XCVlll.
660 1695 745 1737 Mc
770 1695 924 1736 mirum
952 1695 983 1737 si
1013 1695 1139 1737 habet
1162 1695 1304 1737 oleum
1328 1693 1505 1741 taeiitiae,
1531 1693 1601 1749 qui
1623 1692 1722 1734 secit

370 1768 556 1810 exultare
587 1768 837 1815 morituros,
864 1765 1027 1806 tristitia
1051 1765 1256 1807 muudum
1279 1771 1584 1810 exut‚moestae
1607 1762 1723 1803 soeto-

373 1852 463 1878 rem
483 1835 627 1876 mortis
654 1835 845 1875 aboleuit.
866 1834 917 1874 Et
934 1835 1027 1875 idco
1050 1833 1275 1890 Apostolus
1297 1833 1380 1874 ait:
1400 1831 1587 1874 «Christi
1610 1831 1722 1873 enim

373 1907 538 1948 »bonus
562 1906 666 1946 odor
688 1919 834 1946 sumus
860 1904 970 1945 Deo³
994 1920 1006 1952 ;
1032 1922 1047 1942 n
1071 1904 1215 1963 utique
1241 1904 1292 1945 de
1313 1903 1567 1960 spiritalibus
1604 1901 1723 1957 signi-

375 1976 504 2019 ficans
542 1992 584 2017 sc
618 1977 823 2017 locutum.
863 1975 945 2016 Sed
980 1983 1022 2017 et
1057 1989 1153 2017 cum
1185 1975 1272 2030 ipse
1303 1973 1432 2015 Filius
1472 1972 1547 2015 Dei
1579 1972 1720 2014 dicat:

386 2067 402 2087 α
427 2047 604 2105 Spiritus
635 2047 802 2088 Domini
836 2061 963 2103 super
990 2061 1073 2095 me,
1101 2054 1272 2102 propter
1290 2045 1401 2101 quod
1427 2044 1544 2085 unxit
1566 2043 1672 2091 mest
1699 2061 1713 2083 ι)

377 2119 562 2176 spiritale
598 2117 731 2173 signat
750 2124 1024 2172 unguentum.
1057 2116 1166 2173 Ergo
1198 2123 1458 2171 unguentum
1487 2113 1640 2156 Christi
1664 2122 1726 2154 est

379 2188 570 2245 Spiritus.

436 2256 592 2299 XCIX.
631 2255 716 2297 Aut
753 2256 849 2312 quia
887 2264 1148 2312 unguentum
1186 2254 1444 2297 exinanitum
1477 2261 1540 2294 est
1573 2267 1726 2294 nomen

377 2327 504 2375 Jesu‚
530 2327 560 2367 si
585 2326 641 2366 ibi
674 2326 886 2366 Christum
921 2325 1054 2382 ipsum
1083 2312 1314 2381 intelligere
1348 2323 1491 2364 volunt
1524 2322 1726 2379 unguenti

381 2410 623 2454 expressum
655 2395 848 2443 nomine,
885 2410 969 2436 non
1002 2395 1202 2452 Spiritum
1235 2393 1415 2439 Christi3
1447 2391 1592 2448 utique
1628 2406 1726 2433 cum

381 2475 557 2508 unctum
581 2464 737 2524 Spiritu
760 2473 904 2506 sancto
927 2465 1156 2507 Dominum
1185 2463 1330 2506 Jesum
1353 2462 1499 2503 Petrus
1517 2461 1728 2518 apostolus

428 2574 437 2593 ¹
467 2569 539 2602 Act.
571 2579 605 2609 x,
630 2568 681 2611 57.
701 2568 813 2600 5S.—
847 2578 860 2593 ²
893 2568 977 2601 Psal.
1011 2579 1058 2606 tv,
1091 2580 1120 2611 7.
1145 2586 1186 2593 —
1216 2570 1229 2592 ³
1257 2578 1274 2599 a
1300 2567 1378 2599 Cor.
1407 2576 1443 2602 n,
1476 2565 1524 2598 15.
1552 2565 1626 2592 -4
1649 2564 1728 2597 Luc·

383 2635 427 2662 iv,
451 2622 495 2654 18.

1756 3188 1760 3219 μ

1755 3222 1760 3283 Ξ
