1806 3256
514 280 564 306 DE
599 279 708 312 rma,
742 278 822 306 mn.
862 278 914 305 lv·
1311 265 1389 307 153

45 358 179 402 Multae
206 365 300 399 sunt
332 357 713 414 impossibilitatum
742 354 998 398 differentiae.
1037 355 1108 396 Est
1142 357 1296 412 aliquid
1320 373 1390 399 na-

47 436 136 469 tura
174 427 454 484 impossibile,
493 435 532 468 et
563 434 623 467 est
657 426 814 481 aliquid
844 425 957 481 quod
995 433 1057 466 est
1095 425 1292 480 possibile
1322 441 1396 482 per

46 506 256 544 naturam,
285 497 541 554 impossibile
558 512 632 553 per
658 496 958 537 infirmitatem.
988 496 1057 536 Est
1077 495 1200 537 etiam
1221 496 1393 538 tertium

46 568 153 623 quod
182 567 233 607 sit
262 567 459 624 possibile
488 582 562 623 per
587 565 775 622 corporis
796 574 838 607 et
869 565 991 606 animi
1017 564 1285 605 firmitatem:
1312 564 1392 605 im-

46 637 240 695 possibile
260 652 332 692 per
359 637 610 694 imperitiam
631 646 700 678 aut
718 636 1021 693 impotentiam.
1045 636 1115 676 Est
1137 635 1261 676 etiam
1281 635 1396 690 quod

45 722 116 764 per
145 705 430 748 definitionem
456 707 727 746 immutabilis
748 705 966 762 propositi.
991 713 1032 745 et
1049 705 1277 745 constantis
1299 719 1394 761 per-

46 775 316 817 severantiam
354 776 575 817 voluntatis
601 783 723 830 atque
751 774 941 815 amicitia:
975 773 1102 815 fidem
1130 775 1182 815 sit
1205 772 1391 830 impossi-

47 845 129 888 bile
150 846 316 888 mutari.

96 915 141 957 L.
181 915 262 957 Sed
302 915 391 957 haec
429 923 473 956 ut
509 915 743 956 evidentius
790 915 996 971 possimus
1041 915 1280 962 advertere,
1322 929 1396 971 per

45 987 231 1043 exempla
250 986 369 1027 nobis
388 986 612 1042 disputatio
636 985 850 1042 dirigatur.
877 984 1137 1041 Impossibile
1155 992 1215 1025 est
1238 992 1285 1025 ut
1311 983 1395 1025 avis

48 1054 255 1111 sapientiae
276 1055 537 1112 disciplinam
563 1056 743 1111 aliquam
767 1063 1010 1110 assequatur
1035 1064 1105 1096 aut
1128 1062 1258 1095 artem
1284 1068 1292 1094 ε
1322 1053 1396 1095 im-

46 1124 240 1180 possibile
261 1134 322 1166 est
340 1133 381 1166 et
409 1125 589 1181 lapidem
612 1125 783 1181 prodire
805 1139 1041 1180 quoqnam3
1061 1123 1316 1181 impossibile
1333 1132 1397 1165 cst

46 1193 156 1235 enim
179 1195 362 1250 lapidem
387 1195 570 1241 moveri,
602 1194 678 1235 nisi
708 1202 824 1235 motu
856 1203 1074 1235 moveatur
1098 1195 1288 1235 alterius:
1311 1209 1396 1234 non

48 1270 182 1320 potest
204 1279 303 1321 ergo
320 1264 423 1320 lapis
445 1279 518 1320 per
536 1279 578 1304 se
599 1264 733 1320 ipsum
757 1264 932 1311 moveri,
953 1272 993 1305 et
1017 1265 1192 1305 transire
1211 1266 1262 1305 de
1282 1265 1391 1306 loen.

48 1332 138 1375 Non
155 1342 291 1389 potest
308 1333 433 1374 etiam
459 1333 593 1388 aquila
616 1333 810 1374 humanis
834 1334 965 1374 imbui
990 1333 1231 1390 disciplinis.
1263 1333 1398 1374 [labes

50 1417 171 1444 unam
193 1403 377 1458 speeiem
393 1435 403 1451 ‚
428 1402 496 1443 cui
514 1403 858 1458 impossibilitatis
880 1417 1003 1444 eausa
1029 1412 1176 1445 natura
1197 1411 1273 1444 est.

109 1472 175 1514 L1.
215 1471 476 1529 Impossibile
495 1480 558 1513 est
580 1480 619 1513 et
647 1472 773 1513 debili
797 1472 933 1514 facere
960 1488 1085 1529 opera
1113 1472 1273 1514 robusti
1295 1487 1303 1513 :
1327 1471 1403 1513 sed

49 1542 146 1583 huic
169 1542 246 1584 alia
268 1542 610 1598 impossibilitatis
633 1557 757 1583 causa
786 1551 870 1591 est3
899 1544 1011 1598 qnod
1028 1543 1139 1584 enim
1168 1543 1306 1584 facere
1321 1556 1401 1598 po-

50 1620 127 1652 test
155 1627 230 1668 per
264 1620 479 1659 naturam,
516 1627 591 1669 per
624 1610 912 1653 infirmitatem
947 1626 1032 1653 non
1075 1620 1226 1668 potest.
1264 1610 1398 1652 Causa

51 1680 173 1738 igitur
204 1682 304 1724 huic
336 1697 504 1739 quoque
536 1682 866 1740 impossibilitati
902 1682 1136 1725 infirmitas.
1179 1681 1270 1723 Alia
1301 1695 1401 1738 ergo

52 1751 394 1809 impossibilitatis
411 1753 501 1795 haee
525 1753 707 1811 species3
730 1754 929 1810 quoniam
949 1769 969 1795 a
992 1753 1171 1795 faciendi
1194 1751 1407 1810 possibili—

52 1829 134 1863 tate
149 1823 337 1880 corporis
357 1822 600 1864 infirmitate
623 1833 856 1865 revocatur.

112 1891 203 1934 LII.
247 1892 384 1934 Tertia
418 1907 583 1949 quoque
628 1894 970 1950 impossibilitatis
1015 1902 1075 1935 est
1124 1908 1247 1934 causa
1265 1924 1275 1940 ‚
1322 1907 1403 1948 qua

52 1960 212 2003 etiamsi
234 1978 308 2020 per
330 1971 521 2005 naturam
550 1965 664 2020 quis,
693 1972 734 2004 et
766 1963 1009 2005 firmitatem
1041 1963 1232 2020 corporis
1266 1961 1406 2004 facere

54 2031 209 2087 aliquid
234 2034 384 2090 possit3
421 2049 502 2075 non
540 2042 677 2090 potest
704 2043 842 2075 tamen
880 2034 1019 2075 facere
1052 2049 1127 2089 per
1153 2032 1407 2090 imperitiam

52 2103 114 2142 vel
138 2102 425 2159 impotentiam
440 2137 449 2151 ‚
472 2112 516 2145 ut
539 2112 610 2144 aut
632 2103 827 2145 indoctus
843 2136 851 2152 ‚
879 2112 949 2145 aut
968 2117 1125 2144 servus.

112 2170 222 2214 LIlI.
262 2173 376 2224 Quas
400 2173 526 2229 igitur
553 2173 718 2221 harum,
737 2189 838 2229 quas
867 2172 1228 2220 enumeravimus,
1253 2172 1410 2229 impos-

56 2239 295 2283 sibilitatum
321 2257 464 2284 causas
489 2251 533 2284 ut
551 2249 743 2299 quartam
766 2242 931 2284 interim
952 2250 1278 2299 sequestremus,
1299 2240 1407 2283 Filio

55 2310 130 2352 Dei
150 2312 357 2354 existimas
383 2314 638 2355 convenire?
668 2313 883 2369 Numquid
906 2313 1157 2355 insensibilis
1185 2328 1260 2370 per
1287 2320 1413 2354 natu-

57 2395 169 2430 ram,
194 2390 235 2423 et
262 2382 512 2431 immobilis,
545 2384 654 2425 sicut
680 2383 813 2440 lapis?
846 2383 968 2440 Lapis
993 2383 1162 2440 quidem
1185 2391 1248 2424 est
1274 2382 1412 2439 impiis

60 2449 100 2491 in
121 2451 306 2501 ruinam,
327 2452 521 2496 fidelibus
544 2453 752 2511 angularis
769 2452 799 2495 ¹.
829 2453 913 2495 Sed
936 2469 1021 2495 non
1044 2452 1317 2499 insensibilis,
1345 2467 1411 2494 su·

61 2534 131 2576 pra
144 2536 268 2577 quem
292 2523 549 2566 sensibilium
572 2525 825 2581 populorum
839 2523 982 2569 fideles
1005 2522 1267 2567 aedificantur
1285 2521 1413 2565 affec»

110 2617 119 2632 ¹
141 2621 151 2641 ι
179 2610 265 2644 Petr.
288 2613 372 2652 11‚6.
