1806 3256
376 341 431 384 86
920 355 950 381 s.
992 354 1185 382 Aiinnosu

373 433 559 481 veniam;
589 432 684 489 quia
708 432 795 489 ipse
818 439 916 487 opto
939 431 1240 488 indulgentiam
1262 447 1271 473 ι
1303 441 1445 474 votnm
1471 441 1588 474 tuum
1613 433 1721 477 scire

373 504 575 545 desidero.
597 502 656 544 En
672 503 803 558 allego
818 501 926 557 apud
946 499 1133 557 judicem
1149 501 1352 543 desideria
1372 511 1465 544 tua:
1488 518 1570 545 non
1587 505 1722 561 prodo

376 574 573 617 crimina,
594 572 740 613 scriem
762 580 928 611 tuorum
954 580 1127 627 expecto
1153 580 1361 615 votorum.

433 642 579 684 CXIV.
617 642 692 682 Dic
717 641 856 696 itaque
878 655 923 680 ea
949 655 1040 696 quae
1063 641 1101 681 in
1124 642 1339 682 communi
1368 651 1465 683 voto
1489 650 1612 690 sunt3
1633 642 1722 690 dic,

372 715 543 769 inquam
569 729 577 754 :
598 711 802 758 Domine,
828 710 890 751 fac
913 725 980 751 me
1004 711 1055 751 ad
1078 710 1299 767 imaginem
1320 711 1409 753 Dei.
1436 712 1726 769 Respondebit

376 783 472 825 ille?
490 783 553 825 Ad
575 797 700 838 quam
724 779 981 837 imaginem?
1005 780 1143 831 Quam
1168 781 1357 837 negasti?

434 853 559 895 CXV.
595 853 696 900 Dic,
727 853 809 892 Fac
843 866 909 892 me
935 850 1315 907 incorruptibilem.
1345 850 1512 893 Reseret
1545 851 1721 906 utique:

376 925 602 977 Quomodo
633 931 674 964 te
708 921 1073 977 incorruptibilem
1108 922 1248 962 sacere
1282 935 1449 977 possum
1475 951 1483 965 .
1522 935 1649 977 quem
1682 928 1727 962 tu

375 1003 611 1036 creaturam
647 992 852 1039 dicendo,
893 1005 1092 1046 capacem
1127 990 1493 1046 corruptibilitatis
1529 1005 1618 1032 esse
1651 1004 1728 1033 vo-

371 1062 679 1105 luistii'Mortui
697 1069 915 1117 resurgent
933 1061 1168 1117 incorrupti
1183 1060 1215 1109 ¹,
1241 1069 1281 1101 et
1300 1068 1343 1101 tu
1363 1059 1727 1117 incorruptibilem

375 1134 479 1176 dicis
504 1148 628 1189 quem
652 1132 786 1173 Deum
810 1130 976 1173 cernis?

436 1202 582 1245 CXVI.
621 1202 722 1249 Dic,
743 1202 883 1244 Bonus
901 1210 990 1243 esto
1014 1200 1130 1242 mibi.
1156 1199 1278 1241 Dicet
1307 1199 1381 1241 tibi
1405 1215 1413 1240 :
1441 1199 1554 1252 Quid
1579 1207 1730 1257 postu-

378 1275 462 1319 las,
492 1273 604 1328 quod
633 1271 825 1328 negasti?
858 1271 943 1328 Ego
977 1279 1015 1312 te
1051 1271 1208 1311 bonum
1238 1284 1326 1310 esse
1353 1269 1490 1316 volni,
1514 1284 1592 1326 ego
1611 1270 1726 1311 dixi:

389 1362 405 1382 α
423 1343 564 1384 Estote
586 1343 716 1384 sancti
733 1374 743 1390 ‚
773 1343 971 1397 quoniam
995 1341 1081 1397 ipse
1099 1349 1267 1381 sanctus
1291 1339 1408 1380 sum²
1428 1356 1438 1388 3
1461 1361 1474 1377 n
1496 1348 1537 1381 et
1566 1349 1609 1381 tu
1627 1339 1731 1381 mihi

380 1413 420 1454 id
445 1427 594 1468 negare
616 1411 872 1453 contendis?
892 1419 933 1452 et
958 1419 1002 1451 tu
1025 1419 1222 1467 expectas
1241 1410 1402 1450 veniam
1427 1410 1730 1466 peccatorum?

379 1483 462 1525 Sed
485 1497 608 1523 nemo
633 1490 769 1539 potest
791 1482 947 1523 donare
971 1488 1141 1537 peccata
1159 1512 1169 1528 ,
1198 1479 1274 1521 nisi
1297 1481 1409 1521 solus
1434 1480 1554 1522 Deus.
1585 1480 1731 1536 ltaque

379 1556 476 1596 cum
497 1568 619 1595 verus
640 1561 682 1594 et
704 1552 815 1593 solus
839 1551 914 1593 tibi
935 1551 1046 1593 Dens
1064 1565 1146 1593 non
1164 1550 1261 1598 sim,
1290 1565 1374 1592 non
1395 1565 1565 1607 possum
1588 1551 1732 1607 utique

382 1633 450 1667 tua
471 1631 639 1680 peccata
660 1624 831 1664 donare.

441 1693 610 1737 CXVII.
649 1694 746 1734 llaec
763 1692 964 1735 Arrianus
988 1693 1117 1739 dicat,
1140 1700 1182 1733 et
1202 1691 1477 1733 photinianus
1501 1706 1510 1732 ε
1536 1691 1651 1749 Nego
1673 1699 1729 1740 te,

381 1765 537 1822 inquit,
560 1765 711 1807 Deum.
739 1763 1024 1819 Respondebit
1046 1762 1083 1803 ei
1103 1762 1306 1803 Dominus
1329 1777 1338 1804 :
1364 1780 1380 1800 α
1401 1762 1513 1804 Dixit
1535 1762 1732 1820 insipiens

381 1836 450 1877 »in
470 1835 598 1876 corde
614 1848 713 1876 suo:
738 1826 828 1875 Non
852 1840 914 1874 est
935 1831 1084 1874 Deus³.
1107 1851 1122 1871 »
1145 1831 1206 1874 De
1229 1847 1313 1888 quo
1338 1832 1497 1874 dictum
1522 1841 1660 1889 putas,
1681 1833 1732 1875 de

380 1904 551 1953 Judaen,
573 1904 624 1945 de
644 1903 815 1961 gentili,
834 1918 884 1944 an
914 1904 967 1944 de
992 1902 1190 1943 diabolo?
1214 1903 1276 1943 De
1299 1902 1444 1958 quovis
1471 1902 1629 1944 dictum
1653 1903 1729 1951 sit,

380 1974 654 2023 photiniane,
687 1972 943 2014 tolerabilior
969 1981 1031 2014 est
1063 1971 1157 2021 ille,
1197 1972 1267 2029 qui
1297 1972 1458 2014 tacuit:
1486 1981 1529 2014 tu
1561 1987 1660 2014 vero
1691 1981 1732 2014 et

379 2058 482 2085 voce
505 2058 627 2085 ausus
645 2058 688 2084 es
707 2043 863 2090 dicere,
884 2050 931 2084 ut
951 2042 1171 2099 insipiente
1189 2041 1450 2099 insipientior
1467 2043 1724 2099 probaberis.

381 2113 514 2171 Negas
536 2130 650 2171 ergo,
679 2114 830 2170 inquit,
856 2114 1017 2155 Deum:
1041 2128 1137 2154 cum
1155 2128 1232 2169 ego
1256 2113 1460 2155 dixerim:
1485 2132 1499 2151 α
1520 2114 1586 2155 Dii
1610 2115 1729 2163 estis,

383 2193 453 2227 »et
475 2184 546 2226 filii
570 2185 731 2226 Excelsi
753 2184 940 2226 omnes&
970 2203 985 2222 »
1006 2184 1056 2225 Et
1078 2192 1121 2225 tu
1139 2184 1273 2225 Deum
1293 2198 1436 2239 negas,
1464 2184 1585 2240 cujus
1605 2200 1732 2242 opera

382 2255 518 2296 divina
544 2253 865 2310 circumspicis?

441 2323 630 2366 CXVIII.
667 2324 788 2365 Dicat
809 2331 850 2364 et
872 2322 1134 2364 Sabellianns
1158 2339 1166 2364 :
1192 2324 1280 2381 Ego
1305 2324 1491 2381 teipsum
1506 2325 1670 2366 Patrem
1689 2333 1732 2367 et

379 2395 533 2436 Filium
553 2402 595 2435 et
615 2393 815 2451 Spiritum
841 2401 1032 2434 sanctum
1060 2393 1253 2434 arbitror.
1282 2394 1574 2450 Respondebit
1594 2404 1636 2437 et
1653 2395 1733 2437 Do·

379 2465 546 2506 minus:
581 2463 672 2506 'Non
697 2459 846 2505 audis?
871 2471 1000 2505 alren]
1017 2495 1025 2507 ,
1052 2478 1135 2504 non
1170 2463 1287 2505 audis
1308 2463 1477 2507 Filium.
1518 2464 1732 2521 Numquid

425 2577 522 2608 ¹Cor
552 2586 604 2615 xv,
632 2577 685 2607 52.
704 2594 744 2599 —
763 2585 775 2599 ¹
805 2575 909 2607 [evit.
946 2587 1012 2607 xix.
1031 2577 1099 2599 ..³
1127 2576 1209 2608 l'sal.
1238 2588 1313 2616 xm,
1350 2587 1376 2613 ι,
1405 2583 1435 2609 ct
1461 2588 1517 2615 ιιι,
1547 2580 1658 2608 1.—⁴
1680 2577 1730 2608 ld.

385 2641 494 2668 mnu,
523 2631 555 2661 6.
