1768 3283
347 309 431 360 452
891 324 921 350 s.
964 324 1150 351 AMBROSH

348 399 490 455 utique
518 398 790 456 incorporeus
815 402 1074 457 corporal‹·1n
1098 415 1180 441 non
1207 400 1345 442 habet.
1381 401 1422 443 Si
1446 416 1523 443 vox
1547 416 1692 458 corpo·

351 470 447 510 ralis
482 484 564 511 non
588 469 709 511 estin
726 470 871 517 Patre,
905 486 983 511 nec
1011 470 1140 512 Filius
1165 470 1338 511 verbnm
1364 479 1426 512 est
1456 471 1685 528 corporale.

350 539 392 582 Si
436 555 588 597 corpus
627 540 668 580 in
706 539 825 580 Patre
856 554 940 581 non
970 548 1053 588 est,
1085 555 1162 581 uec
1193 548 1355 596 tempus
1388 540 1429 581 in
1463 541 1584 582 Patre
1609 549 1685 583 est.

348 609 391 650 Si
425 619 587 666 tempus
622 608 662 649 in
687 609 808 650 Patre
836 624 919 650 non
959 617 1048 656 est.
1079 609 1222 664 utique
1248 623 1326 650 nec
1369 608 1410 650 in
1441 609 1580 652 Verbo
1611 618 1691 652 est.

350 678 476 729 Quod
512 678 544 719 si
575 679 738 720 nullum
768 679 961 735 principii
999 687 1164 736 tempus
1206 678 1248 719 in
1288 678 1426 721 Verbo
1452 711 1462 727 ,
1497 695 1576 721 nec
1609 695 1693 721 nu-

346 763 486 790 merus
514 749 656 804 utique
674 781 683 797 ,
709 763 786 790 nec
809 751 960 806 gradus
983 748 1112 791 Verbi
1134 757 1207 790 est.
1240 748 1348 799 Quia
1371 749 1403 790 si
1426 764 1624 791 numerus
1652 750 1692 790 in

346 817 485 860 Verbo
505 851 514 866 ,
540 834 639 875 ergo
660 819 788 860 multa
811 820 951 861 verba.
981 818 1023 860 Si
1047 819 1177 860 multa
1197 819 1344 867 verba,
1376 819 1496 860 multi
1527 828 1569 861 et
1601 817 1686 861 filii.

347 887 428 929 Sed
455 904 584 929 unum
609 887 797 930 Verbum
821 897 904 938 est,
939 891 1050 945 quod
1082 897 1123 930 et
1149 889 1325 944 gradum
1349 887 1535 930 excludit
1558 896 1600 930 et
1621 903 1694 929 nu-

345 974 509 1000 merum
538 974 546 1000 :
567 974 698 1000 unum
721 961 952 1001 secundum
971 968 1177 1001 naturam.

406 1028 524 1070 XXI.
567 1028 626 1070 Ne
658 1029 831 1084 quaerite
862 1029 1100 1084 cujusmodi
1136 1038 1341 1070 naturam.
1374 1028 1522 1071 Nescio
1559 1030 1692 1071 multo

344 1099 494 1140 melius
512 1098 611 1145 hoc,
635 1113 759 1154 quam
783 1099 881 1141 scio.
901 1099 990 1140 Hoc
1009 1101 1144 1142 solum
1160 1099 1268 1140 bene
1285 1099 1389 1148 seio,
1408 1100 1522 1155 quod
1534 1099 1691 1148 nescio,

346 1184 436 1225 quae
460 1168 565 1210 scire
585 1184 667 1209 non
695 1184 880 1225 possum.
923 1170 1073 1220 «Quod
1099 1169 1299 1218 vidimus,
1326 1169 1480 1225 inquit,
1512 1177 1554 1211 et
1582 1170 1695 1225 quod

346 1238 676 1287 »audivimus¹‚»
705 1238 890 1280 Joannes
922 1239 1021 1281 dicit
1056 1254 1065 1280 ε
1097 1239 1179 1281 hoc
1215 1240 1350 1280 solum
1383 1239 1491 1280 hene
1517 1239 1624 1281 scire
1651 1254 1694 1281 se

346 1310 448 1351 dixit
471 1341 480 1358 ,
508 1310 621 1365 quod
649 1308 809 1351 audivit
834 1319 874 1351 et
897 1312 1009 1366 quod
1032 1310 1160 1358 vidit,
1185 1309 1255 1366 qui
1279 1310 1319 1351 in
1345 1310 1500 1352 Christi
1526 1318 1694 1366 pectore

344 1381 635 1422 recumbebat.
664 1381 771 1436 Ergo
793 1381 850 1422 illi
871 1381 967 1422 satis
985 1390 1046 1423 est
1065 1381 1248 1429 audisse,
1278 1380 1380 1421 mihi
1399 1396 1483 1422 non
1501 1389 1562 1422 est
1579 1381 1688 1423 satis.

402 1450 541 1493 XXII.
581 1449 665 1491 Sed
681 1451 794 1506 quod
812 1450 883 1492 ille
902 1451 1087 1499 audivit}
1112 1451 1194 1492 hoc
1221 1450 1324 1492 mihi
1352 1451 1454 1492 dixit
1479 1466 1488 1492 ε
1514 1459 1556 1492 et
1581 1451 1695 1508 quod

344 1520 502 1562 audivit
531 1536 550 1562 a
582 1520 778 1569 Christo,
820 1521 901 1563 hoc
928 1537 1006 1563 nec
1042 1537 1119 1579 ego
1158 1536 1327 1579 possum
1360 1537 1512 1579 negare
1548 1537 1693 1564 verum

344 1606 434 1633 esse
452 1592 503 1633 de
521 1591 701 1634 Christo.
724 1592 831 1648 Ergo
851 1593 963 1648 quod
987 1592 1171 1639 audivit,
1195 1591 1332 1633 audivi
1354 1606 1363 1632 :
1389 1600 1429 1633 et
1446 1592 1560 1648 quod
1576 1591 1691 1641 vidit,

344 1661 429 1703 vidi
450 1680 460 1710 ;
481 1661 550 1702 ille
568 1661 679 1702 enim
700 1661 803 1703 vidit
825 1662 937 1717 quod
960 1662 1063 1703 vidit
1089 1677 1097 1703 :
1125 1677 1208 1703 non
1237 1661 1380 1718 utique
1395 1662 1662 1704 Divinitatem
1681 1694 1691 1710 ,

346 1745 437 1786 quae
460 1732 693 1772 secundum
716 1739 908 1772 naturam
924 1747 1042 1773 suam
1065 1731 1194 1773 videri
1218 1746 1301 1772 non
1325 1739 1472 1788 potest.
1496 1731 1578 1773 Sed
1599 1732 1694 1787 quia

347 1801 580 1842 secundum
594 1809 785 1843 naturam
802 1817 918 1843 suam
935 1802 1064 1843 videri
1080 1818 1162 1844 nou
1182 1811 1365 1859 poterat,
1385 1803 1567 1860 suscepit
1583 1804 1695 1859 quod

347 1880 436 1912 erat
461 1881 612 1928 praeter
640 1880 831 1913 naturam
861 1873 1121 1921 Divinitutis3
1152 1882 1196 1915 ut
1233 1875 1465 1916 secundum
1501 1883 1693 1916 naturam

349 1942 538 1999 corporis
564 1943 789 1984 videretur.
817 1944 1008 2000 Denique
1032 1953 1072 1986 ot
1100 1943 1278 2000 Spiritus
1302 1954 1468 1986 sanctus
1492 1944 1533 1986 in
1556 1945 1693 2003 specie

346 2013 458 2054 visus
480 2022 564 2061 est,
587 2014 696 2056 sicut
711 2014 955 2064 eolumba²;
976 2016 1070 2072 quia
1085 2015 1214 2058 videri
1231 2016 1431 2059 Divinitas
1448 2016 1491 2059 in
1508 2031 1591 2059 suae
1607 2018 1693 2059 cla-

347 2084 480 2126 ritatis
498 2085 671 2127 veritate
690 2101 774 2128 non
798 2095 977 2143 poterat.

394 2194 403 2209 ¹
429 2185 550 2219 1Joan.
571 2192 592 2224 ’1,
609 2188 638 2220 5.
659 2207 698 2213 —-
720 2199 730 2212 ²
751 2190 826 2221 Luc.
845 2200 919 2228 xxx,
940 2201 989 2221 22.
