1806 3256
401 256 454 297 38
958 269 991 296 s.
1029 267 1219 296 AMBnosn

463 347 569 389 CUI.
610 346 733 388 Certe
752 345 926 388 facessat
948 354 1088 388 nostra
1111 345 1316 388 sententia
1339 361 1348 388 ε
1373 346 1549 389 Paulum
1571 346 1751 388 interro·
1782 351 1786 407 Ι

402 432 570 474 gemus,
592 416 664 473 qui
689 416 846 473 Spiritu
865 415 939 457 Dei
963 415 1111 472 plenus
1137 416 1209 457 has
1232 416 1461 472 praevidens
1485 416 1749 472 quaestiones.
1782 410 1791 471 i

404 486 652 543 generaliter
689 493 833 526 contra
855 493 998 540 gentes
1014 518 1023 531 ,
1047 485 1282 541 specialiter
1304 494 1448 527 contra
1471 483 1669 528 Arrianos
1689 485 1753 525 lo-
1783 478 1791 517 ¹·

404 565 525 597 cutus
544 588 554 603 ‚
578 555 632 595 ait
653 554 790 606 divino
814 554 973 609 judicio
990 570 1060 595 eos
1082 570 1169 595 esse
1197 556 1414 596 damnatos
1435 589 1445 605 ‚
1463 555 1533 611 qui
1551 554 1754 596 servirent

407 633 612 666 cienturae
630 624 766 680 potius
788 638 912 678 quam
935 623 1136 665 Creatori.
1159 623 1349 679 Denique
1372 623 1431 665 sic
1453 624 1608 665 habes.
1626 641 1641 661 ιι
1657 624 1755 665 Tra·
1789 639 1791 674 t

403 713 418 734 n
436 694 539 735 didit
570 693 661 734 illos
685 692 832 734 Deus
823 708 863 733 ιιι
891 693 1092 734 desideria
1121 693 1291 735 cordis
1281 708 1493 751 ipsorum,
1528 701 1575 735 ut
1612 701 1757 736 contu·
1789 699 1792 746 t

403 764 567 806 »meliis
592 762 774 804 afficiant
796 778 974 820 corpora
996 779 1069 805 sua
1096 763 1204 806 inter
1226 765 1502 821 semetipsos·
1532 763 1603 820 qui
1637 775 1757 806 com·
1790 774 1791 779 ’

407 842 625 875 »mutaret
630 840 704 873 unt
725 832 941 874 veritatem
959 833 1067 874 Dei
1058 848 1098 874 in
1122 833 1416 882 mendacium,
1441 842 1483 875 ct
1507 833 1756 881 coluerunt,
1789 843 1791 879 J

404 911 475 944 »ot
498 900 732 944 servierunt
769 911 972 943 creaturae
1015 902 1152 959 potius
1198 917 1324 959 quam
1357 902 1565 951 Creatori.
1603 901 1675 959 qui
1697 909 1759 944 est
1790 895 1791 904 ¹

407 973 548 1014 »Deus
570 971 848 1014 benedictus
838 987 878 1013 in
897 973 1090 1014 saecula.

469 1042 572 1084 Clv.
610 1041 810 1083 Prohibet
834 1042 973 1098 itaque
1005 1058 1072 1084 me
1104 1043 1256 1091 Paulus
1281 1051 1484 1085 creaturae
1506 1041 1685 1091 servire,
1720 1049 1762 1084 et

411 1113 580 1154 Christo
599 1111 793 1152 admonet
814 1111 1096 1154 serviendum.
1120 1113 1209 1155 Non
1229 1127 1327 1168 ergo
1345 1120 1534 1154 creatura
1553 1111 1755 1153 Christus.

423 1182 632 1227 «Paulus,
658 1180 814 1236 inquit,
839 1196 982 1222 servus
1005 1181 1107 1223 Jesu
1127 1182 1324 1224 Christi².
1347 1201 1362 1221 »
1386 1182 1438 1224 Et
1463 1182 1601 1223 bonus
1620 1196 1762 1223 servus
1791 1220 1793 1227 ,

414 1251 483 1306 qui
510 1249 739 1292 Dominum
763 1250 1049 1306 recognoscit,
1074 1251 1160 1309 ipse
1184 1260 1387 1294 creaturae
1403 1251 1559 1294 servire
1575 1266 1650 1294 nos
1671 1265 1765 1308 pro·
1792 1239 1793 1263 ³

413 1321 560 1362 hibet:
587 1319 945 1376 quemadmodum
971 1336 1069 1377 ergo
1093 1321 1259 1364 Christo
1278 1322 1365 1379 ipse
1386 1321 1577 1369 serviret..
1600 1320 1634 1362 si
1656 1334 1767 1362 erea-

416 1400 553 1433 turam
604 1389 819 1431 Christum
861 1397 1025 1446 putaret
1051 1390 1084 1446 Ρ,
1106 1390 1190 1433 Aut
1230 1391 1354 1447 igitur
1399 1390 1590 1432 desinant
1626 1390 1765 1432 colere
1791 1379 1793 1398 ¹

415 1476 539 1518 quem
563 1467 797 1502 creaturam
824 1460 1059 1516 appellant,
1086 1468 1156 1502 aut
1184 1461 1374 1503 desinant
1397 1475 1523 1519 quem
1551 1459 1690 1503 colere
1725 1473 1767 1500 so

417 1531 640 1578 simulant,
674 1529 815 1571 dicere
849 1537 1110 1579 creaturam;
1143 1545 1194 1572 ne
1218 1531 1295 1572 sub
1325 1530 1605 1589 appellatione
1629 1528 1795 1576 culto··

420 1616 513 1643 rum
537 1599 750 1657 sacrilegia
778 1600 968 1656 graviora
999 1600 1280 1643 committant.
1320 1590 1618 1643 Detestabilior
1655 1597 1768 1644 enim
1792 1603 1793 1606 ’

420 1670 675 1713 domesticus
698 1669 848 1720 hostis,
881 1684 1006 1725 quam
1032 1678 1282 1712 extraneus:
1305 1677 1346 1710 ct
1372 1668 1538 1725 gravius
1563 1658 1699 1710 scelus
1726 1675 1772 1710 ut

420 1743 616 1783 adversus
642 1739 857 1780 Christum
879 1739 1108 1781 abutantur
1132 1738 1288 1783 Christi
1310 1739 1492 1781 nomine.

478 1809 562 1852 CV.
611 1809 748 1860 Quem
791 1808 915 1865 igitur
955 1809 1173 1850 meliorem
1223 1808 1497 1865 interpretem
1546 1806 1772 1874 quaerimus

418 1880 754 1938 Scripturarum,
780 1894 904 1935 quam
929 1879 1046 1922 illum
1071 1880 1288 1925 doctorem
1311 1878 1499 1935 gentium
1516 1910 1526 1926 ‚
1557 1892 1630 1921 vas
1659 1878 1774 1920 elec-

421 1951 571 1998 tionis,
597 1950 780 1991 electum
816 1951 866 1992 do
895 1949 1273 2008 persecutoribus?
1299 1939 1382 2001 Q'ui
1413 1947 1558 1992 Jesum
1581 1961 1774 2007 persecu-

421 2030 488 2063 tus
505 2019 642 2062 fuerat
656 2051 666 2068 ‚
695 2018 859 2061 fatetur.
889 2018 1064 2077 Legerat
1084 2018 1229 2075 utique
1248 2016 1517 2062 Salomonem
1537 2014 1629 2076 plus
1647 2016 1774 2076 quam

422 2085 591 2138 Arrius,
619 2095 660 2129 et
682 2096 771 2130 erat
791 2087 953 2147 peritus
978 2088 1018 2131 in
1041 2075 1176 2146 Lege;
1200 2097 1242 2131 et
1263 2088 1357 2131 ideo
1375 2087 1471 2147 quia
1493 2088 1667 2146 legerat,
1690 2100 1775 2130 non

426 2167 614 2203 creatum
633 2157 847 2200 Christum
871 2157 972 2202 dicit
991 2173 1097 2207 esse,
1114 2159 1186 2202 sed
1211 2158 1413 2217 genitum.
1438 2155 1615 2216 Legerat
1637 2156 1773 2200 enim:

439 2247 453 2266 (ι
470 2228 563 2285 Ipse
582 2226 699 2276 dixit,
717 2234 757 2268 et
772 2227 879 2269 sacta
893 2235 1010 2270 sunt:
1034 2226 1120 2285 ipse
1138 2226 1575 2278 mandavitaetereata
1589 2234 1688 2270 sunt
1703 2223 1732 2269 ³.
1751 2243 1767 2264 ·

428 2296 643 2358 Numquid
675 2297 787 2339 dicto
814 2297 948 2340 factus
986 2306 1048 2341 est
1077 2291 1296 2341 Christus?
1334 2296 1539 2357 numquid
1581 2296 1778 2341 mandato

429 2376 595 2411 creatus
613 2375 677 2409 est
695 2365 915 2409 Christus?

492 2435 595 2480 CVI.
634 2436 860 2488 Quomodo
887 2445 1025 2479 autem
1057 2445 1249 2481 creatura
1288 2436 1328 2480 in
1363 2437 1454 2479 Deo
1488 2451 1578 2480 esse
1613 2432 1780 2494 potest?

430 2506 595 2549 Etenim
614 2506 726 2549 Deus
750 2514 909 2549 naturae
927 2507 1126 2566 simplicis
1150 2516 1235 2558 est,
1272 2522 1354 2550 non
1388 2506 1625 2565 conjunctio
1657 2514 1795 2564 atquo*

438 2640 442 2643 1
479 2609 486 2624 ¹
509 2602 600 2632 Rom.
621 2612 641 2633 ι.
663 2600 713 2637 24,
736 2601 785 2631 25.
808 2617 842 2623 —
863 2606 873 2620 ²
897 2599 982 2631 [bid.
1006 2609 1030 2631 1.
1054 2617 1092 2624 ——
1109 2600 1121 2623 ³
1141 2599 1220 2631 Pml.
1241 2610 1372 2637 cuttu,
1394 2600 1423 2631 5.
