1768 3283
551 382 884 423 ,mxo‘rmioxsss'0
1309 387 1392 443 499

49 486 170 521 vero,
193 487 274 529 qua
290 486 432 513 sensus
454 485 538 511 non
563 471 640 512 nisi
664 473 937 528 sequentibus
963 473 1070 522 istis,
1089 476 1205 529 quod
1230 478 1396 532 ficetum

49 554 131 592 est,
158 542 475 585 terminabatur.
501 541 584 582 Sed
611 555 689 582 nec
715 543 887 583 deerant
910 543 979 598 qui
1005 559 1172 585 sensum
1196 548 1398 602 perduce-

49 621 144 653 rent
165 627 295 667 usque
317 611 368 651 ad
391 610 459 651 illa
481 611 628 657 verba,
656 612 769 665 quod
793 614 964 668 factum
989 624 1048 654 est
1076 614 1125 653 in
1150 616 1251 668 ipso.
1282 615 1397 657 Hanc

50 682 364 723 distinctionem
391 680 521 721 secuti
547 690 645 721 sunt
679 681 905 738 Gregorius
933 683 1071 739 Nyss„
1097 684 1170 727 lib.
1199 700 1234 733 1,
1268 686 1391 728 Cone.

52 752 351 797 Etmomium,
383 758 424 790 et
450 749 708 805 Epiphanius
740 751 781 792 in
814 754 1026 793 Ancorac.
1048 786 1058 801 ‚
1085 769 1199 795 num.
1231 756 1300 810 75,
1328 756 1397 797 ubi

54 820 233 876 primam
255 820 402 861 acerbo
425 828 542 859 notat
566 820 682 874 quasi
705 821 880 875 Spiritui
903 830 1048 863 sancto
1067 823 1328 878 injuriosam.
1350 826 1401 867 de

53 906 132 946 qua
154 891 227 932 lib.
257 906 296 938 1,
320 892 370 930 de
386 890 562 944 Δδ’ρίνιίιι
580 900 729 930 sancto
752 892 858 931 sorte
876 892 1033 947 aliquid
1050 893 1129 933 erit
1153 893 1394 935 dicendum.

50 959 232 1000 Primam
261 974 357 999 vero
380 958 639 1014 Augustinus
663 959 716 1000 ita
736 960 936 1008 admittit,
952 968 997 1000 ut
1015 963 1197 1003 secunda
1208 962 1298 1017 ejus
1311 977 1403 1018 pars

51 1029 131 1070 hoc
154 1030 280 1071 modo
312 1029 623 1085 distinguatur:
653 1031 781 1081 Quod
810 1032 979 1086 factum
1010 1042 1091 1080 esc,
1119 1032 1167 1071 in
1198 1032 1273 1072 illo
1308 1023 1404 1072 ὐἰιιι

50 1109 171 1150 erac7·
188 1100 361 1140 alteram
378 1106 517 1139 autem
539 1098 731 1155 ejusdem
754 1101 883 1157 partis
906 1101 1300 1142 subdistinctionem
1321 1116 1403 1156 qua

49 1168 208 1223 virgula
230 1177 325 1224 post
345 1182 492 1214 voces,
516 1169 674 1224 inipso
689 1202 698 1216 ‚
717 1170 1021 1226 apponebatur,
1055 1170 1280 1211 absurdam
1306 1184 1399 1210 cen-

51 1248 128 1280 set.
153 1238 259 1279 Vide
282 1239 352 1279 lib.
383 1253 421 1286 V,
452 1239 503 1279 de
533 1239 636 1280 Gen.
668 1241 727 1280 ad
752 1241 872 1288 Lite„
901 1256 990 1297 cap.
1023 1255 1107 1290 xm,
1133 1248 1175 1282 ct
1195 1240 1333 1282 Tract.
1366 1255 1403 1287 1,

13 1304 18 1305 ⁷
51 1309 252 1360 ingloan„
282 1324 397 1351 uum.
427 1311 494 1358 16,
514 1299 1396 1368 sicutet‘blnterpretesadeumdemlocum.

405 1482 648 1510 ANNOTATlo
687 1468 776 1523 (16)
812 1484 903 1527 pag.
947 1472 1039 1512 123.

107 1614 404 1670 Hieronymus,
437 1614 566 1670 Epist.
594 1630 688 1661 xxv,
715 1615 775 1655 acl
804 1615 990 1673 Evagr„
1021 1616 1126 1658 hanc
1159 1616 1401 1673 opinionem

49 1699 131 1725 non
154 1684 319 1740 judaeis,
343 1685 415 1726 sed
437 1683 607 1740 Origeni
626 1699 672 1725 ac
690 1684 874 1741 Didymo
898 1685 1083 1727 ascribit.

402 1860 642 1888 ANNOTATIO
681 1846 771 1902 (¹7)
808 1861 899 1903 pag.
944 1847 1037 1889 133.

108 1999 465 2056 Ambigiturinter
481 1999 667 2040 eruditos
687 2014 876 2055 quaenam
894 1998 946 2041 sit
960 1999 1026 2040 illa
1043 1999 1212 2042 Eusehii
1230 2000 1393 2044 Nicom.

50 2072 220 2127 epistola
239 2103 248 2118 ‚
278 2070 400 2125 cujus
425 2069 496 2111 hic
514 2070 672 2111 mentio
693 2069 740 2111 fit
764 2070 813 2111 ab
846 2069 1084 2112 Ambrosio.
1107 2071 1396 2119 Hermannus,

49 2141 121 2183 lib.
149 2157 199 2188 11,
222 2140 323 2181 Vitae
346 2140 385 2180 S.
408 2139 584 2187 Athan.,
605 2154 696 2196 cap.
725 2148 919 2196 v111,p0st
942 2140 1063 2182 Card.
1085 2141 1317 2184 Baronium
1344 2143 1397 2185 ad

52 2226 205 2253 annum
235 2212 334 2257 525,
363 2218 482 2267 putat
513 2225 604 2251 eam
631 2225 734 2259 esse,
771 2210 891 2265 cujus
918 2210 1224 2260 Theodoretus,
1258 2212 1330 2254 lib.
1361 2228 1392 2262 1,

50 2296 139 2337 cap.
171 2296 260 2329 vm,
284 2281 381 2322 edit.
408 2279 539 2322 Vates.
563 2279 862 2321 commeminit.
893 2279 1079 2322 Valesius
1096 2295 1192 2322 vero
1216 2282 1257 2322 in
1280 2297 1395 2322 eum-

50 2351 145 2391 dem
161 2351 301 2392 locum
329 2365 412 2392 non
430 2351 481 2391 de
508 2350 680 2407 epistola
702 2349 1029 2392 Nicomediensis
1045 2382 1057 2398 ,
1079 2351 1153 2392 sed
1175 2352 1226 2392 de
1252 2351 1392 2393 libello

50 2418 146 2460 fidei
164 2419 411 2475 :ab-Eusebio
430 2418 578 2461 Caesar.
605 2419 795 2461 Patribus
819 2420 984 2461 concilii
1002 2421 1142 2461 oblato
1161 2420 1391 2476 intelligen-

51 2489 151 2530 dum
185 2488 298 2531 hunc
335 2489 588 2531 Theodoreti
619 2491 760 2531 locum
793 2488 996 2537 defendit,
1036 2489 1168 2530 allatis
1201 2489 1243 2531 in
1281 2488 1392 2530 hanc

51 2573 138 2600 rem
149 2559 398 2615 quibusdam
428 2560 656 2601 rationibus
680 2575 687 2600 :
714 2575 804 2616 quae
825 2574 923 2600 sane
946 2559 1049 2600 tanti
1069 2573 1155 2600 non
1175 2558 1391 2607 videntur,

52 2638 96 2670 ut
117 2629 207 2686 ejus
231 2630 370 2687 opinio
395 2631 508 2672 omni
541 2638 678 2672 careat
710 2629 969 2671 difficultate.
1006 2628 1163 2671 Verum
1190 2628 1394 2684 quidquid

51 2699 117 2747 sit,
145 2707 305 2742 certum
331 2709 392 2742 est
422 2700 690 2742 Ambrosium
731 2713 815 2741 non
857 2699 908 2741 de
931 2697 1109 2741 formula
1143 2712 1215 2740 seu
1251 2697 1392 2738 libello

1157 2769 1223 2808 32.
