1806 3256
556 313 607 339 DE
638 313 749 345 FtDE,
784 314 863 340 Lm.
902 313 946 339 11.
1369 302 1423 358 87

79 387 146 430 hic
165 386 247 430 ulla
269 387 459 431 confusio
483 388 574 429 esti)
596 389 810 445 Scriptura
837 389 921 446 ipsa
943 398 980 430 te
998 391 1122 432 docet
1138 390 1303 433 Patrem
1319 408 1425 441 csse,

79 459 148 514 qui
171 459 319 500 detulit
344 459 578 514 judicium:
609 460 759 501 Filium
783 475 895 508 esse,
931 461 1001 517 qui
1031 461 1205 516 judicat.
1234 461 1325 504 Non
1351 478 1427 504 au-

78 528 173 570 disti
196 543 262 568 me
287 528 496 570 dicentem
517 544 526 570 :
555 528 708 571 «Solus
730 545 814 571 non
838 545 956 579 sum3
982 532 1053 572 sed
1069 546 1170 588 ego,
1195 540 1235 573 et
1253 532 1323 588 qui
1348 533 1427 574 mi-

78 616 92 636 ι
108 598 160 640 sit
184 613 250 639 me
272 599 435 641 Pater&
464 618 478 638 »

135 666 287 710 CXIX.
322 668 444 710 Dicat
464 677 505 710 et
521 669 773 711 Manichaeus
792 685 802 710 ε
828 670 914 727 Ego
939 679 1153 712 auctorem
1172 671 1308 714 carnis
1327 687 1425 715 nos-

77 744 149 778 trae
174 737 389 779 diabolum
413 737 552 780 credo.
579 739 866 796 Respondebit
887 740 922 781 ei
945 755 955 781 z
980 741 1088 797 Ergo
1110 742 1211 797 quid
1232 741 1359 783 facies
1384 741 1427 784 in

76 807 344 848 coelestibus?
373 807 486 850 Vade
513 810 563 849 ad
589 819 805 850 auctorem
836 817 967 851 tuum.
1004 810 1091 867 Ego
1115 826 1186 852 eos
1209 813 1304 853 voto
1337 827 1428 854 me-

76 891 171 918 cum
190 893 294 925 esse,
314 893 416 935 quos
440 879 554 920 dedit
574 879 672 920 mihi
692 880 824 921 Pater.
850 880 912 921 Tu
932 888 972 921 te
991 896 1009 921 a
1029 880 1198 924 diabolo
1217 891 1426 930 creatum.

74 947 328 999 Manichaee,
356 950 567 991 arbitraris
595 964 605 992 :
643 952 693 992 ad
724 950 834 992 itlius
856 966 955 1006 ergo
988 951 1132 993 festina
1164 954 1329 1001 sedem3
1355 952 1428 994 uhi

76 1018 179 1075 ignis
201 1027 240 1060 et
263 1020 456 1077 sulphur,
483 1020 554 1061 ubi
577 1035 660 1062 non
679 1021 953 1078 restinguitur
971 1021 1062 1077 ejus
1085 1022 1350 1071 incendium,
1375 1037 1430 1065 ne

77 1104 259 1145 unquam
282 1106 403 1147 poena
426 1091 642 1132 moriatur.

135 1159 266 1202 CXX.
305 1162 422 1202 Mitto
455 1162 532 1202 alia
554 1161 847 1202 haereticorum
872 1169 1065 1217 portenta
1083 1194 1092 1209 ‚
1120 1177 1203 1203 non
1228 1162 1422 1212 nomina;

75 1229 175 1285 quid
201 1231 259 1272 eis
287 1231 366 1273 erit
391 1231 560 1287 judicii,
593 1246 684 1287 quae
709 1231 788 1272 erit
814 1232 948 1273 forma
972 1231 1222 1273 sententiaei'
1243 1232 1427 1289 Respon-

76 1300 191 1344 debit
208 1301 271 1344 his
285 1302 481 1344 omnibus
505 1310 547 1344 et
573 1302 640 1344 ille
657 1301 872 1344 moraliter
892 1317 900 1344 :
929 1302 1147 1359 «Populus
1168 1318 1302 1352 meus,
1324 1303 1426 1360 quid

75 1368 183 1412 »feci
214 1371 307 1420 tibi,
344 1380 413 1413 aut
449 1372 550 1427 quid
577 1372 818 1414 contristavi
852 1371 955 1413 te2?
985 1371 1134 1414 Nonne
1167 1387 1219 1414 ex
1245 1373 1427 1430 AEgypto

76 1441 227 1483 »eduxi
254 1450 291 1483 te
311 1474 321 1489 ,
341 1450 382 1483 et
401 1457 451 1483 ex
474 1443 600 1484 domo
624 1441 835 1483 servitutis
856 1441 1030 1483 liberavi
1051 1441 1146 1483 103³„

135 1510 288 1553 CXXI.
318 1511 399 1552 Sed
418 1527 564 1567 parum
584 1520 645 1553 est
663 1526 713 1553 ex
732 1511 913 1567 AEgypto
932 1511 1146 1559 liberasse,
1173 1519 1284 1554 etex
1299 1512 1426 1556 domo

76 1581 283 1623 servitutis
314 1580 516 1638 eripuisse
537 1596 545 1623 t
571 1583 663 1638 plus
684 1589 747 1623 est
772 1589 811 1622 te
834 1581 971 1637 ipsum
1000 1581 1163 1622 dedisse
1185 1595 1260 1638 pro
1286 1580 1420 1624 nobis.

73 1649 198 1692 Dices
213 1666 338 1708 ergo:
360 1651 507 1694 Nonne
525 1659 681 1692 vestras
703 1664 850 1691 omnes
871 1650 1035 1706 suscepi
1053 1649 1256 1706 injurias?
1274 1649 1424 1694 Nonne

76 1735 227 1778 corpus
250 1736 389 1763 meum
413 1736 488 1778 pro
511 1721 629 1762 vobis
646 1719 811 1762 obtuli?
832 1718 983 1762 Nonne
1004 1727 1187 1762 mortem
1214 1719 1424 1777 appetivi,

76 1794 187 1848 quod
209 1807 293 1834 non
314 1802 403 1835 erat
419 1792 653 1834 Divinitatis
678 1806 780 1833 meae
795 1823 805 1839 ‚
830 1791 905 1832 sed
923 1797 1069 1832 vestrae
1093 1790 1428 1849 redemptionis?

76 1862 271 1904 Haeccine
295 1862 534 1904 reseruntur
556 1861 732 1920 gratiae?
762 1861 850 1902 lloc
880 1859 1057 1917 profecit
1079 1860 1246 1917 sanguis
1277 1875 1395 1903 meus
1413 1891 1424 1908 ,

76 1932 185 1975 sicut
208 1933 248 1974 in
274 1933 481 1990 Propheta
509 1933 594 1990 ipse
623 1932 708 1988 jain
745 1930 859 1973 dixi:
888 1948 903 1967 «
929 1930 1033 1982 Quae
1066 1930 1222 1972 utilitas
1256 1929 1297 1972 in
1335 1945 1428 1972 san·

77 2002 231 2060 »guine
266 2017 390 2050 me03
423 2003 518 2058 quia
553 2001 750 2043 descendi
786 2001 827 2042 in
870 2000 1188 2057 corruptionem
1210 1998 1221 2019 ³
1245 1999 1264 2041 P
1291 2017 1307 2039 υ
1335 2000 1425 2042 Hoc

77 2087 176 2128 ergo
208 2072 406 2129 profecit,
443 2081 489 2114 ut
519 2087 587 2114 me
622 2071 749 2128 impie
782 2070 1016 2126 negaretis,
1055 2083 1131 2127 pro
1161 2069 1313 2125 quibus
1349 2068 1426 2110 ista

77 2143 267 2184 sustinui.

138 2213 311 2255 CXXII.
348 2213 434 2270 Ego
468 2227 564 2254 vero
597 2219 724 2260 tunc,
769 2210 950 2252 Domine
978 2209 1105 2256 Jesu,
1140 2208 1215 2250 etsi
1239 2208 1428 2266 gravium

77 2289 349 2338 peccatorum
378 2281 482 2321 mihi
513 2280 598 2337 ipse
624 2280 701 2322 siu]
731 2279 926 2320 conscius
943 2310 953 2325 ,
980 2277 1117 2318 dicam
1138 2284 1278 2318 tamen
1300 2292 1309 2318 :
1335 2276 1428 2319 Non

79 2358 120 2392 te
141 2351 313 2408 negavi3
343 2351 472 2392 habes
505 2349 618 2406 quod
650 2350 839 2406 ignoscas
872 2347 1083 2405 fragilitati
1107 2347 1255 2389 carnis.
1285 2346 1429 2389 Delic-

79 2428 170 2462 tum
204 2420 362 2469 fateor‚
399 2428 619 2476 peccatum
657 2434 740 2460 non
772 2419 910 2460 abnuo
942 2433 951 2459 :
987 2435 1002 2454 «
1029 2416 1071 2458 Si
1104 2417 1186 2464 vis,
1215 2424 1332 2473 potes
1361 2431 1428 2458 me

81 2491 338 2533 »mundare³
361 2507 372 2539 ;
395 2509 405 2531 a
432 2490 528 2547 quia
556 2490 637 2532 hoc
662 2489 788 2538 dixit,
823 2489 1014 2530 emeruit.
1045 2505 1060 2525 «
1084 2487 1167 2535 Ne,
1195 2501 1361 2544 quaeso,
1388 2487 1428 2528 in

128 2601 136 2614 ¹
167 2591 259 2622 Joan.
282 2601 353 2628 vui,
389 2602 437 2632 ²9·
459 2599 524 2614 —2
554 2590 653 2622 Mich.
682 2601 724 2626 vi,
754 2589 842 2621 5.-
864 2590 877 2612 ³
906 2588 989 2621 Paul.
1017 2597 1104 2625 xxix,
1138 2596 1186 2618 10.
1206 2602 1244 2610 -——
1266 2588 1278 2612 ⁴
1307 2586 1430 2618 Maub.

82 2655 153 2684 νιν,
171 2655 201 2676 2.
