<?xml version="1.0" encoding="UTF-8"?>
<!DOCTYPE html PUBLIC "-//W3C//DTD XHTML 1.0 Transitional//EN"
    "http://www.w3.org/TR/xhtml1/DTD/xhtml1-transitional.dtd">
<html xmlns="http://www.w3.org/1999/xhtml" xml:lang="en" lang="en">
 <head>
  <title>
</title>
<meta http-equiv="Content-Type" content="text/html;charset=utf-8" />
  <meta name='ocr-system' content='tesseract 3.04.00' />
  <meta name='ocr-capabilities' content='ocr_page ocr_carea ocr_par ocr_line ocrx_word'/>
</head>
<body>
  <div class='ocr_page' id='page_1' title='image "./omniaequaeextant06ambruoft_0196.png"; bbox 0 0 1806 3256; ppageno 0'>
   <div class='ocr_carea' id='block_1_1' title="bbox 375 281 1211 326">
    <p class='ocr_par' dir='ltr' id='par_1_1' title="bbox 375 281 1211 326">
     <span class='ocr_line' id='line_1_1' title="bbox 375 281 1211 326; baseline -0.001 -3"><span class='ocrx_word' id='word_1_1' title='bbox 375 281 454 323; x_wconf 88' lang='lat'>180</span> <span class='ocrx_word' id='word_1_2' title='bbox 910 297 940 322; x_wconf 81' lang='lat' dir='ltr'>s.</span> <span class='ocrx_word' id='word_1_3' title='bbox 982 296 1169 323; x_wconf 54' lang='lat' dir='ltr'>nimiosn</span> <span class='ocrx_word' id='word_1_4' title='bbox 1206 323 1211 326; x_wconf 77' lang='grc'><strong>,</strong></span> 
     </span>
    </p>
   </div>
   <div class='ocr_carea' id='block_1_2' title="bbox 366 372 1792 2525">
    <p class='ocr_par' dir='ltr' id='par_1_2' title="bbox 366 372 1723 1060">
     <span class='ocr_line' id='line_1_2' title="bbox 370 372 1715 430; baseline -0.002 -14"><span class='ocrx_word' id='word_1_5' title='bbox 370 394 383 413; x_wconf 73' lang='lat' dir='ltr'>n</span> <span class='ocrx_word' id='word_1_6' title='bbox 398 383 610 423; x_wconf 85' lang='lat' dir='ltr'>constant,</span> <span class='ocrx_word' id='word_1_7' title='bbox 628 384 668 416; x_wconf 84' lang='lat' dir='ltr'>et</span> <span class='ocrx_word' id='word_1_8' title='bbox 691 375 777 430; x_wconf 82' lang='lat' dir='ltr'>ipse</span> <span class='ocrx_word' id='word_1_9' title='bbox 799 382 859 415; x_wconf 88' lang='lat' dir='ltr'>est</span> <span class='ocrx_word' id='word_1_10' title='bbox 879 389 1003 430; x_wconf 76' lang='lat' dir='ltr'>super</span> <span class='ocrx_word' id='word_1_11' title='bbox 1020 388 1164 414; x_wconf 78' lang='lat' dir='ltr'>omnes</span> <span class='ocrx_word' id='word_1_12' title='bbox 1184 372 1351 414; x_wconf 75' lang='lat' dir='ltr'>coelos’.</span> <span class='ocrx_word' id='word_1_13' title='bbox 1380 392 1393 408; x_wconf 76' lang='grc' dir='ltr'><strong>ο</strong></span> <span class='ocrx_word' id='word_1_14' title='bbox 1410 372 1497 414; x_wconf 75' lang='lat' dir='ltr'>Non</span> <span class='ocrx_word' id='word_1_15' title='bbox 1524 387 1622 428; x_wconf 76' lang='lat' dir='ltr'>ergo</span> <span class='ocrx_word' id='word_1_16' title='bbox 1649 372 1715 413; x_wconf 88' lang='lat' dir='ltr'>in-</span> 
     </span>
     <span class='ocr_line' id='line_1_3' title="bbox 367 443 1716 500; baseline -0.001 -15"><span class='ocrx_word' id='word_1_17' title='bbox 367 453 431 486; x_wconf 82' lang='lat' dir='ltr'>ter</span> <span class='ocrx_word' id='word_1_18' title='bbox 447 446 586 486; x_wconf 81' lang='lat' dir='ltr'>onmia</span> <span class='ocrx_word' id='word_1_19' title='bbox 600 445 753 492; x_wconf 76' lang='lat' dir='ltr'>Filius,</span> <span class='ocrx_word' id='word_1_20' title='bbox 773 444 845 484; x_wconf 86' lang='lat' dir='ltr'>sed</span> <span class='ocrx_word' id='word_1_21' title='bbox 870 459 994 500; x_wconf 77' lang='lat' dir='ltr'>super</span> <span class='ocrx_word' id='word_1_22' title='bbox 1017 443 1156 485; x_wconf 89' lang='lat' dir='ltr'>omnia</span> <span class='ocrx_word' id='word_1_23' title='bbox 1179 443 1271 498; x_wconf 79' lang='lat' dir='ltr'>:qui</span> <span class='ocrx_word' id='word_1_24' title='bbox 1295 444 1525 484; x_wconf 86' lang='lat' dir='ltr'>secundum</span> <span class='ocrx_word' id='word_1_25' title='bbox 1546 457 1716 484; x_wconf 79' lang='lat' dir='ltr'>carnem</span> 
     </span>
     <span class='ocr_line' id='line_1_4' title="bbox 368 513 1718 571; baseline -0.003 -15"><span class='ocrx_word' id='word_1_26' title='bbox 368 516 536 571; x_wconf 84' lang='lat' dir='ltr'>quidem</span> <span class='ocrx_word' id='word_1_27' title='bbox 561 523 622 556; x_wconf 74' lang='lat' dir='ltr'>est</span> <span class='ocrx_word' id='word_1_28' title='bbox 643 529 692 555; x_wconf 85' lang='lat' dir='ltr'>ex</span> <span class='ocrx_word' id='word_1_29' title='bbox 712 513 866 554; x_wconf 78' lang='lat' dir='ltr'>familia</span> <span class='ocrx_word' id='word_1_30' title='bbox 899 514 1161 558; x_wconf 69' lang='lat' dir='ltr'>Judae01·11u1;</span> <span class='ocrx_word' id='word_1_31' title='bbox 1189 513 1296 553; x_wconf 85' lang='lat' dir='ltr'>idem</span> <span class='ocrx_word' id='word_1_32' title='bbox 1322 521 1461 553; x_wconf 78' lang='lat' dir='ltr'>tamen</span> <span class='ocrx_word' id='word_1_33' title='bbox 1485 527 1609 568; x_wconf 82' lang='lat' dir='ltr'>supet·</span> <span class='ocrx_word' id='word_1_34' title='bbox 1632 527 1718 552; x_wconf 86' lang='lat' dir='ltr'>om-</span> 
     </span>
     <span class='ocr_line' id='line_1_5' title="bbox 367 581 1719 638; baseline -0.003 -12"><span class='ocrx_word' id='word_1_35' title='bbox 367 587 435 626; x_wconf 78' lang='lat' dir='ltr'>nia</span> <span class='ocrx_word' id='word_1_36' title='bbox 460 586 571 626; x_wconf 85' lang='lat' dir='ltr'>Deus</span> <span class='ocrx_word' id='word_1_37' title='bbox 604 584 852 625; x_wconf 82' lang='lat' dir='ltr'>benedictus</span> <span class='ocrx_word' id='word_1_38' title='bbox 879 583 919 624; x_wconf 90' lang='lat' dir='ltr'>in</span> <span class='ocrx_word' id='word_1_39' title='bbox 947 581 1124 624; x_wconf 78' lang='lat' dir='ltr'>saecnla²</span> <span class='ocrx_word' id='word_1_40' title='bbox 1149 597 1157 623; x_wconf 90' lang='lat'>:</span> <span class='ocrx_word' id='word_1_41' title='bbox 1186 582 1306 637; x_wconf 85' lang='lat' dir='ltr'>eujus</span> <span class='ocrx_word' id='word_1_42' title='bbox 1329 590 1391 623; x_wconf 83' lang='lat' dir='ltr'>est</span> <span class='ocrx_word' id='word_1_43' title='bbox 1417 597 1569 623; x_wconf 81' lang='lat' dir='ltr'>nomon</span> <span class='ocrx_word' id='word_1_44' title='bbox 1595 596 1719 638; x_wconf 85' lang='lat' dir='ltr'>super</span> 
     </span>
     <span class='ocr_line' id='line_1_6' title="bbox 367 650 1718 708; baseline -0.002 -14"><span class='ocrx_word' id='word_1_45' title='bbox 367 669 492 695; x_wconf 79' lang='lat' dir='ltr'>omne</span> <span class='ocrx_word' id='word_1_46' title='bbox 522 668 676 694; x_wconf 87' lang='lat' dir='ltr'>nomen</span> <span class='ocrx_word' id='word_1_47' title='bbox 693 686 701 698; x_wconf 89' lang='lat'><strong>‚</strong></span> <span class='ocrx_word' id='word_1_48' title='bbox 732 661 773 694; x_wconf 87' lang='lat' dir='ltr'>et</span> <span class='ocrx_word' id='word_1_49' title='bbox 804 654 855 693; x_wconf 83' lang='lat' dir='ltr'>de</span> <span class='ocrx_word' id='word_1_50' title='bbox 879 666 960 708; x_wconf 90' lang='lat' dir='ltr'>quo</span> <span class='ocrx_word' id='word_1_51' title='bbox 984 651 1138 693; x_wconf 85' lang='lat' dir='ltr'>dieitur</span> <span class='ocrx_word' id='word_1_52' title='bbox 1158 666 1166 692; x_wconf 73' lang='grc' dir='ltr'><strong><em>ι</em></strong></span> <span class='ocrx_word' id='word_1_53' title='bbox 1186 670 1199 688; x_wconf 78' lang='grc' dir='ltr'>α</span> <span class='ocrx_word' id='word_1_54' title='bbox 1222 651 1372 692; x_wconf 86' lang='lat' dir='ltr'>Omnia</span> <span class='ocrx_word' id='word_1_55' title='bbox 1403 650 1620 706; x_wconf 84' lang='lat' dir='ltr'>subjecisti</span> <span class='ocrx_word' id='word_1_56' title='bbox 1643 651 1718 691; x_wconf 84' lang='lat' dir='ltr'>sub</span> 
     </span>
     <span class='ocr_line' id='line_1_7' title="bbox 366 720 1721 780; baseline -0.001 -18"><span class='ocrx_word' id='word_1_57' title='bbox 366 723 572 780; x_wconf 80' lang='lat' dir='ltr'>»pedibus</span> <span class='ocrx_word' id='word_1_58' title='bbox 597 721 727 779; x_wconf 76' lang='lat' dir='ltr'>ejus³.</span> <span class='ocrx_word' id='word_1_59' title='bbox 753 722 1055 777; x_wconf 83' lang='lat' dir='ltr'>»Subjiciendo</span> <span class='ocrx_word' id='word_1_60' title='bbox 1081 730 1218 762; x_wconf 76' lang='lat' dir='ltr'>auten]</span> <span class='ocrx_word' id='word_1_61' title='bbox 1245 721 1382 762; x_wconf 85' lang='lat' dir='ltr'>omnia</span> <span class='ocrx_word' id='word_1_62' title='bbox 1399 753 1408 771; x_wconf 88' lang='lat'>‚</span> <span class='ocrx_word' id='word_1_63' title='bbox 1432 721 1535 762; x_wconf 83' lang='lat' dir='ltr'>nihil</span> <span class='ocrx_word' id='word_1_64' title='bbox 1555 720 1721 775; x_wconf 82' lang='lat' dir='ltr'>reliquit</span> 
     </span>
     <span class='ocr_line' id='line_1_8' title="bbox 368 789 1721 853; baseline -0.002 -19"><span class='ocrx_word' id='word_1_65' title='bbox 368 794 405 834; x_wconf 85' lang='lat' dir='ltr'>ei</span> <span class='ocrx_word' id='word_1_66' title='bbox 440 809 524 834; x_wconf 90' lang='lat' dir='ltr'>non</span> <span class='ocrx_word' id='word_1_67' title='bbox 555 792 822 853; x_wconf 59' lang='lat' dir='ltr'>subjectum,</span> <span class='ocrx_word' id='word_1_68' title='bbox 858 793 966 833; x_wconf 76' lang='lat' dir='ltr'>sicut</span> <span class='ocrx_word' id='word_1_69' title='bbox 999 792 1224 848; x_wconf 72' lang='lat' dir='ltr'><strong>Apostolus</strong></span> <span class='ocrx_word' id='word_1_70' title='bbox 1248 791 1393 832; x_wconf 47' lang='lat' dir='ltr'>dixit&amp;</span> <span class='ocrx_word' id='word_1_71' title='bbox 1428 791 1551 841; x_wconf 86' lang='lat' dir='ltr'>Quod</span> <span class='ocrx_word' id='word_1_72' title='bbox 1585 789 1616 831; x_wconf 87' lang='lat' dir='ltr'>si</span> <span class='ocrx_word' id='word_1_73' title='bbox 1641 790 1721 850; x_wconf 86' lang='lat' dir='ltr'>hoc</span> 
     </span>
     <span class='ocr_line' id='line_1_9' title="bbox 367 863 1715 905; baseline -0.004 0"><span class='ocrx_word' id='word_1_74' title='bbox 367 863 492 905; x_wconf 84' lang='lat' dir='ltr'>etiam</span> <span class='ocrx_word' id='word_1_75' title='bbox 521 864 752 905; x_wconf 76' lang='lat' dir='ltr'>secundum</span> <span class='ocrx_word' id='word_1_76' title='bbox 779 864 1077 905; x_wconf 71' lang='lat' dir='ltr'>incarnationis</span> <span class='ocrx_word' id='word_1_77' title='bbox 1100 865 1264 903; x_wconf 85' lang='lat' dir='ltr'>locutus</span> <span class='ocrx_word' id='word_1_78' title='bbox 1288 871 1350 903; x_wconf 83' lang='lat' dir='ltr'>est</span> <span class='ocrx_word' id='word_1_79' title='bbox 1378 869 1685 902; x_wconf 68' lang='lat' dir='ltr'>sacramentum</span> <span class='ocrx_word' id='word_1_80' title='bbox 1707 891 1715 901; x_wconf 91' lang='lat'><strong><em>.</em></strong></span> 
     </span>
     <span class='ocr_line' id='line_1_10' title="bbox 375 932 1723 990; baseline -0.003 -16"><span class='ocrx_word' id='word_1_81' title='bbox 375 933 729 989; x_wconf 80' lang='lat' dir='ltr'>quemadmodum</span> <span class='ocrx_word' id='word_1_82' title='bbox 754 948 974 990; x_wconf 82' lang='lat' dir='ltr'>possumus</span> <span class='ocrx_word' id='word_1_83' title='bbox 996 934 1045 974; x_wconf 85' lang='lat' dir='ltr'>dc</span> <span class='ocrx_word' id='word_1_84' title='bbox 1060 947 1250 989; x_wconf 77' lang='lat' dir='ltr'>supernae</span> <span class='ocrx_word' id='word_1_85' title='bbox 1267 932 1546 988; x_wconf 68' lang='lat' dir='ltr'>generationis</span> <span class='ocrx_word' id='word_1_86' title='bbox 1570 933 1723 971; x_wconf 86' lang='lat' dir='ltr'>incom-</span> 
     </span>
     <span class='ocr_line' id='line_1_11' title="bbox 368 1003 1013 1060; baseline 0 -17"><span class='ocrx_word' id='word_1_87' title='bbox 368 1003 546 1060; x_wconf 79' lang='lat' dir='ltr'>parabili</span> <span class='ocrx_word' id='word_1_88' title='bbox 559 1003 775 1057; x_wconf 78' lang='lat' dir='ltr'>majestate</span> <span class='ocrx_word' id='word_1_89' title='bbox 792 1003 1013 1043; x_wconf 72' lang='lat' dir='ltr'>dubitare?</span> 
     </span>
    </p>

    <p class='ocr_par' dir='ltr' id='par_1_3' title="bbox 374 1070 1726 1407">
     <span class='ocr_line' id='line_1_12' title="bbox 433 1070 1723 1127; baseline -0.002 -14"><span class='ocrx_word' id='word_1_90' title='bbox 433 1072 575 1113; x_wconf 76' lang='lat' dir='ltr'><strong>CXLI.</strong></span> <span class='ocrx_word' id='word_1_91' title='bbox 615 1072 725 1112; x_wconf 54' lang='lat' dir='ltr'>mihil</span> <span class='ocrx_word' id='word_1_92' title='bbox 752 1072 882 1127; x_wconf 62' lang='lat' dir='ltr'>igitur</span> <span class='ocrx_word' id='word_1_93' title='bbox 916 1071 1130 1127; x_wconf 68' lang='lat' dir='ltr'>potestatis</span> <span class='ocrx_word' id='word_1_94' title='bbox 1168 1072 1276 1112; x_wconf 83' lang='lat' dir='ltr'>inter</span> <span class='ocrx_word' id='word_1_95' title='bbox 1306 1072 1472 1113; x_wconf 81' lang='lat' dir='ltr'>Patrem</span> <span class='ocrx_word' id='word_1_96' title='bbox 1506 1079 1546 1111; x_wconf 80' lang='lat' dir='ltr'>et</span> <span class='ocrx_word' id='word_1_97' title='bbox 1570 1070 1723 1110; x_wconf 81' lang='lat' dir='ltr'>Filium</span> 
     </span>
     <span class='ocr_line' id='line_1_13' title="bbox 374 1141 1726 1197; baseline -0.004 -13"><span class='ocrx_word' id='word_1_98' title='bbox 374 1151 536 1184; x_wconf 78' lang='lat' dir='ltr'>certum</span> <span class='ocrx_word' id='word_1_99' title='bbox 559 1150 622 1183; x_wconf 82' lang='lat' dir='ltr'>est</span> <span class='ocrx_word' id='word_1_100' title='bbox 648 1142 862 1183; x_wconf 74' lang='lat' dir='ltr'>interesse.</span> <span class='ocrx_word' id='word_1_101' title='bbox 886 1142 1076 1197; x_wconf 75' lang='lat' dir='ltr'>Denique</span> <span class='ocrx_word' id='word_1_102' title='bbox 1098 1156 1147 1183; x_wconf 81' lang='lat' dir='ltr'>eo</span> <span class='ocrx_word' id='word_1_103' title='bbox 1176 1157 1306 1197; x_wconf 82' lang='lat' dir='ltr'>usque</span> <span class='ocrx_word' id='word_1_104' title='bbox 1331 1141 1434 1183; x_wconf 86' lang='lat' dir='ltr'>nihil</span> <span class='ocrx_word' id='word_1_105' title='bbox 1459 1142 1633 1182; x_wconf 75' lang='lat' dir='ltr'>interest</span> <span class='ocrx_word' id='word_1_106' title='bbox 1656 1155 1726 1196; x_wconf 84' lang='lat' dir='ltr'>po-</span> 
     </span>
     <span class='ocr_line' id='line_1_14' title="bbox 374 1210 1726 1268; baseline -0.004 -13"><span class='ocrx_word' id='word_1_107' title='bbox 374 1213 533 1255; x_wconf 82' lang='lat' dir='ltr'>testatis</span> <span class='ocrx_word' id='word_1_108' title='bbox 549 1244 559 1259; x_wconf 92' lang='lat'><em>‚</em></span> <span class='ocrx_word' id='word_1_109' title='bbox 587 1220 631 1252; x_wconf 83' lang='lat' dir='ltr'>ut</span> <span class='ocrx_word' id='word_1_110' title='bbox 654 1212 764 1252; x_wconf 79' lang='lat' dir='ltr'>iden]</span> <span class='ocrx_word' id='word_1_111' title='bbox 779 1210 1072 1267; x_wconf 19' lang='lat' dir='ltr'>Apostolusffex</span> <span class='ocrx_word' id='word_1_112' title='bbox 1090 1212 1178 1268; x_wconf 84' lang='lat' dir='ltr'>ipso</span> <span class='ocrx_word' id='word_1_113' title='bbox 1195 1211 1343 1253; x_wconf 81' lang='lat' dir='ltr'>dixerit</span> <span class='ocrx_word' id='word_1_114' title='bbox 1360 1227 1448 1252; x_wconf 82' lang='lat' dir='ltr'>esse</span> <span class='ocrx_word' id='word_1_115' title='bbox 1467 1211 1607 1252; x_wconf 84' lang='lat' dir='ltr'>omnia</span> <span class='ocrx_word' id='word_1_116' title='bbox 1624 1243 1632 1257; x_wconf 90' lang='lat'><em>,</em></span> <span class='ocrx_word' id='word_1_117' title='bbox 1653 1224 1726 1266; x_wconf 80' lang='lat' dir='ltr'>per</span> 
     </span>
     <span class='ocr_line' id='line_1_15' title="bbox 379 1279 1726 1340; baseline -0.002 -18"><span class='ocrx_word' id='word_1_118' title='bbox 379 1297 502 1338; x_wconf 76' lang='lat' dir='ltr'>quem</span> <span class='ocrx_word' id='word_1_119' title='bbox 528 1280 666 1323; x_wconf 77' lang='lat' dir='ltr'>omnia</span> <span class='ocrx_word' id='word_1_120' title='bbox 683 1313 692 1328; x_wconf 93' lang='lat'>‚</span> <span class='ocrx_word' id='word_1_121' title='bbox 717 1280 825 1340; x_wconf 79' lang='lat' dir='ltr'>sicut</span> <span class='ocrx_word' id='word_1_122' title='bbox 846 1281 975 1322; x_wconf 82' lang='lat' dir='ltr'>habes</span> <span class='ocrx_word' id='word_1_123' title='bbox 993 1295 1002 1322; x_wconf 93' lang='lat'><strong>:</strong></span> <span class='ocrx_word' id='word_1_124' title='bbox 1023 1299 1037 1318; x_wconf 74' lang='grc' dir='ltr'>α</span> <span class='ocrx_word' id='word_1_125' title='bbox 1055 1281 1265 1331; x_wconf 81' lang='lat' dir='ltr'>Quoniam</span> <span class='ocrx_word' id='word_1_126' title='bbox 1289 1297 1338 1322; x_wconf 86' lang='lat' dir='ltr'>ex</span> <span class='ocrx_word' id='word_1_127' title='bbox 1361 1282 1449 1338; x_wconf 82' lang='lat' dir='ltr'>ipso</span> <span class='ocrx_word' id='word_1_128' title='bbox 1465 1314 1474 1329; x_wconf 95' lang='lat'>‚</span> <span class='ocrx_word' id='word_1_129' title='bbox 1500 1289 1541 1321; x_wconf 84' lang='lat' dir='ltr'>et</span> <span class='ocrx_word' id='word_1_130' title='bbox 1566 1295 1642 1336; x_wconf 76' lang='lat' dir='ltr'>per</span> <span class='ocrx_word' id='word_1_131' title='bbox 1668 1279 1726 1335; x_wconf 88' lang='lat' dir='ltr'>ip-</span> 
     </span>
     <span class='ocr_line' id='line_1_16' title="bbox 377 1350 1098 1407; baseline -0.001 -15"><span class='ocrx_word' id='word_1_132' title='bbox 377 1372 392 1392; x_wconf 81' lang='lat'><strong>»</strong></span> <span class='ocrx_word' id='word_1_133' title='bbox 406 1367 521 1401; x_wconf 84' lang='lat' dir='ltr'>sum,</span> <span class='ocrx_word' id='word_1_134' title='bbox 541 1352 637 1393; x_wconf 81' lang='lat' dir='ltr'>etin</span> <span class='ocrx_word' id='word_1_135' title='bbox 656 1351 744 1407; x_wconf 82' lang='lat' dir='ltr'>ipso</span> <span class='ocrx_word' id='word_1_136' title='bbox 766 1360 862 1392; x_wconf 82' lang='lat' dir='ltr'>sunt</span> <span class='ocrx_word' id='word_1_137' title='bbox 878 1350 1059 1392; x_wconf 76' lang='lat' dir='ltr'>oinnia⁵.</span> <span class='ocrx_word' id='word_1_138' title='bbox 1085 1370 1098 1389; x_wconf 76' lang='lat' dir='ltr'>n</span> 
     </span>
    </p>

    <p class='ocr_par' dir='ltr' id='par_1_4' title="bbox 378 1420 1730 1825">
     <span class='ocr_line' id='line_1_17' title="bbox 436 1420 1726 1478; baseline -0.002 -15"><span class='ocrx_word' id='word_1_139' title='bbox 436 1421 599 1464; x_wconf 70' lang='lat' dir='ltr'><strong>CXLII.</strong></span> <span class='ocrx_word' id='word_1_140' title='bbox 639 1420 682 1462; x_wconf 89' lang='lat' dir='ltr'>Si</span> <span class='ocrx_word' id='word_1_141' title='bbox 705 1421 829 1477; x_wconf 80' lang='lat' dir='ltr'>igitur</span> <span class='ocrx_word' id='word_1_142' title='bbox 851 1421 988 1467; x_wconf 76' lang='lat' dir='ltr'>Pater,</span> <span class='ocrx_word' id='word_1_143' title='bbox 1012 1421 1119 1462; x_wconf 83' lang='lat' dir='ltr'>sicut</span> <span class='ocrx_word' id='word_1_144' title='bbox 1148 1429 1317 1478; x_wconf 85' lang='lat' dir='ltr'>putant,</span> <span class='ocrx_word' id='word_1_145' title='bbox 1343 1421 1635 1462; x_wconf 79' lang='lat' dir='ltr'>tantummodo</span> <span class='ocrx_word' id='word_1_146' title='bbox 1651 1420 1726 1476; x_wconf 80' lang='lat' dir='ltr'>sig·</span> 
     </span>
     <span class='ocr_line' id='line_1_18' title="bbox 381 1489 1729 1546; baseline -0.003 -15"><span class='ocrx_word' id='word_1_147' title='bbox 381 1489 595 1537; x_wconf 74' lang='lat' dir='ltr'>nificatnr,</span> <span class='ocrx_word' id='word_1_148' title='bbox 628 1504 713 1530; x_wconf 89' lang='lat' dir='ltr'>non</span> <span class='ocrx_word' id='word_1_149' title='bbox 750 1497 886 1545; x_wconf 83' lang='lat' dir='ltr'>potest</span> <span class='ocrx_word' id='word_1_150' title='bbox 921 1489 1033 1530; x_wconf 85' lang='lat' dir='ltr'>idem</span> <span class='ocrx_word' id='word_1_151' title='bbox 1065 1498 1106 1530; x_wconf 86' lang='lat' dir='ltr'>et</span> <span class='ocrx_word' id='word_1_152' title='bbox 1129 1489 1393 1546; x_wconf 83' lang='lat' dir='ltr'>omnipotens</span> <span class='ocrx_word' id='word_1_153' title='bbox 1416 1504 1528 1537; x_wconf 76' lang='lat' dir='ltr'>esse,</span> <span class='ocrx_word' id='word_1_154' title='bbox 1557 1489 1652 1544; x_wconf 85' lang='lat' dir='ltr'>quia</span> <span class='ocrx_word' id='word_1_155' title='bbox 1680 1503 1729 1528; x_wconf 84' lang='lat' dir='ltr'>ex</span> 
     </span>
     <span class='ocr_line' id='line_1_19' title="bbox 378 1558 1730 1617; baseline -0.003 -16"><span class='ocrx_word' id='word_1_156' title='bbox 378 1562 467 1617; x_wconf 85' lang='lat' dir='ltr'>ipso</span> <span class='ocrx_word' id='word_1_157' title='bbox 486 1560 624 1600; x_wconf 80' lang='lat' dir='ltr'>onmia</span> <span class='ocrx_word' id='word_1_158' title='bbox 647 1574 654 1599; x_wconf 96' lang='lat'><strong>:</strong></span> <span class='ocrx_word' id='word_1_159' title='bbox 682 1567 724 1600; x_wconf 78' lang='lat' dir='ltr'>et</span> <span class='ocrx_word' id='word_1_160' title='bbox 747 1559 1012 1615; x_wconf 80' lang='lat' dir='ltr'>omnipotens</span> <span class='ocrx_word' id='word_1_161' title='bbox 1036 1574 1118 1600; x_wconf 91' lang='lat' dir='ltr'>non</span> <span class='ocrx_word' id='word_1_162' title='bbox 1143 1574 1254 1605; x_wconf 80' lang='lat' dir='ltr'>esse,</span> <span class='ocrx_word' id='word_1_163' title='bbox 1277 1558 1372 1614; x_wconf 81' lang='lat' dir='ltr'>quia</span> <span class='ocrx_word' id='word_1_164' title='bbox 1396 1559 1618 1615; x_wconf 74' lang='lat' dir='ltr'>per-ipsun]</span> <span class='ocrx_word' id='word_1_165' title='bbox 1643 1572 1730 1598; x_wconf 91' lang='lat' dir='ltr'>om-</span> 
     </span>
     <span class='ocr_line' id='line_1_20' title="bbox 379 1628 1729 1686; baseline -0.004 -15"><span class='ocrx_word' id='word_1_166' title='bbox 379 1631 460 1672; x_wconf 87' lang='lat' dir='ltr'>nia.</span> <span class='ocrx_word' id='word_1_167' title='bbox 493 1630 577 1671; x_wconf 85' lang='lat' dir='ltr'>Aut</span> <span class='ocrx_word' id='word_1_168' title='bbox 599 1628 990 1686; x_wconf 72' lang='lat' dir='ltr'>igitnrinvalidum,</span> <span class='ocrx_word' id='word_1_169' title='bbox 1017 1644 1096 1670; x_wconf 83' lang='lat' dir='ltr'>nec</span> <span class='ocrx_word' id='word_1_170' title='bbox 1117 1628 1448 1684; x_wconf 74' lang='lat' dir='ltr'>omnipotentem</span> <span class='ocrx_word' id='word_1_171' title='bbox 1471 1628 1634 1669; x_wconf 80' lang='lat' dir='ltr'>Patrem</span> <span class='ocrx_word' id='word_1_172' title='bbox 1657 1641 1729 1666; x_wconf 84' lang='lat' dir='ltr'>sua</span> 
     </span>
     <span class='ocr_line' id='line_1_21' title="bbox 379 1696 1730 1754; baseline -0.004 -12"><span class='ocrx_word' id='word_1_173' title='bbox 379 1700 605 1742; x_wconf 82' lang='lat' dir='ltr'>assertione</span> <span class='ocrx_word' id='word_1_174' title='bbox 640 1698 956 1745; x_wconf 78' lang='lat' dir='ltr'>memorabunt,</span> <span class='ocrx_word' id='word_1_175' title='bbox 988 1706 1057 1739; x_wconf 83' lang='lat' dir='ltr'>aut</span> <span class='ocrx_word' id='word_1_176' title='bbox 1093 1707 1205 1740; x_wconf 82' lang='lat' dir='ltr'>certe</span> <span class='ocrx_word' id='word_1_177' title='bbox 1234 1699 1567 1754; x_wconf 82' lang='lat' dir='ltr'>omnipotentem</span> <span class='ocrx_word' id='word_1_178' title='bbox 1605 1696 1730 1737; x_wconf 81' lang='lat' dir='ltr'>etiam</span> 
     </span>
     <span class='ocr_line' id='line_1_22' title="bbox 378 1768 1349 1825; baseline -0.003 -14"><span class='ocrx_word' id='word_1_179' title='bbox 378 1771 530 1811; x_wconf 81' lang='lat' dir='ltr'>Filium</span> <span class='ocrx_word' id='word_1_180' title='bbox 550 1770 615 1810; x_wconf 86' lang='lat' dir='ltr'>vel</span> <span class='ocrx_word' id='word_1_181' title='bbox 637 1768 751 1809; x_wconf 79' lang='lat' dir='ltr'>inviti</span> <span class='ocrx_word' id='word_1_182' title='bbox 775 1783 876 1809; x_wconf 79' lang='lat' dir='ltr'>voce</span> <span class='ocrx_word' id='word_1_183' title='bbox 901 1768 1071 1825; x_wconf 79' lang='lat' dir='ltr'>propria</span> <span class='ocrx_word' id='word_1_184' title='bbox 1092 1768 1349 1810; x_wconf 78' lang='lat' dir='ltr'>sate-buntur.</span> 
     </span>
    </p>

    <p class='ocr_par' dir='ltr' id='par_1_5' title="bbox 379 1838 1735 2163">
     <span class='ocr_line' id='line_1_23' title="bbox 439 1838 1731 1895; baseline -0.002 -14"><span class='ocrx_word' id='word_1_185' title='bbox 439 1839 621 1882; x_wconf 81' lang='lat' dir='ltr'><strong>CXLIII.</strong></span> <span class='ocrx_word' id='word_1_186' title='bbox 658 1838 824 1895; x_wconf 79' lang='lat' dir='ltr'>Eligant</span> <span class='ocrx_word' id='word_1_187' title='bbox 857 1847 996 1879; x_wconf 84' lang='lat' dir='ltr'>tamen</span> <span class='ocrx_word' id='word_1_188' title='bbox 1022 1846 1163 1879; x_wconf 85' lang='lat' dir='ltr'>utrum</span> <span class='ocrx_word' id='word_1_189' title='bbox 1191 1839 1259 1879; x_wconf 87' lang='lat' dir='ltr'>hic</span> <span class='ocrx_word' id='word_1_190' title='bbox 1281 1839 1444 1879; x_wconf 74' lang='lat' dir='ltr'>Patrem</span> <span class='ocrx_word' id='word_1_191' title='bbox 1469 1839 1731 1879; x_wconf 78' lang='lat' dir='ltr'>declaratum</span> 
     </span>
     <span class='ocr_line' id='line_1_24' title="bbox 379 1907 1730 1967; baseline -0.003 -17"><span class='ocrx_word' id='word_1_192' title='bbox 379 1918 540 1967; x_wconf 82' lang='lat' dir='ltr'>putent.</span> <span class='ocrx_word' id='word_1_193' title='bbox 570 1908 611 1950; x_wconf 84' lang='lat' dir='ltr'>Si</span> <span class='ocrx_word' id='word_1_194' title='bbox 632 1908 797 1949; x_wconf 82' lang='lat' dir='ltr'>Patrem</span> <span class='ocrx_word' id='word_1_195' title='bbox 815 1940 825 1955; x_wconf 90' lang='lat'>,</span> <span class='ocrx_word' id='word_1_196' title='bbox 853 1923 952 1964; x_wconf 84' lang='lat' dir='ltr'>ergo</span> <span class='ocrx_word' id='word_1_197' title='bbox 979 1917 1020 1949; x_wconf 78' lang='lat' dir='ltr'>et</span> <span class='ocrx_word' id='word_1_198' title='bbox 1043 1907 1117 1964; x_wconf 76' lang='lat' dir='ltr'>per</span> <span class='ocrx_word' id='word_1_199' title='bbox 1145 1908 1279 1964; x_wconf 83' lang='lat' dir='ltr'>ipsum</span> <span class='ocrx_word' id='word_1_200' title='bbox 1303 1909 1441 1949; x_wconf 80' lang='lat' dir='ltr'>onmia</span> <span class='ocrx_word' id='word_1_201' title='bbox 1464 1923 1472 1948; x_wconf 93' lang='lat'><strong>:</strong></span> <span class='ocrx_word' id='word_1_202' title='bbox 1497 1908 1529 1949; x_wconf 88' lang='lat' dir='ltr'>si</span> <span class='ocrx_word' id='word_1_203' title='bbox 1554 1907 1730 1955; x_wconf 86' lang='lat' dir='ltr'>Filium,</span> 
     </span>
     <span class='ocr_line' id='line_1_25' title="bbox 381 1977 1730 2037; baseline -0.004 -15"><span class='ocrx_word' id='word_1_204' title='bbox 381 1997 479 2037; x_wconf 74' lang='lat' dir='ltr'>ergo</span> <span class='ocrx_word' id='word_1_205' title='bbox 505 1989 546 2022; x_wconf 86' lang='lat' dir='ltr'>et</span> <span class='ocrx_word' id='word_1_206' title='bbox 569 1995 618 2021; x_wconf 85' lang='lat' dir='ltr'>ex</span> <span class='ocrx_word' id='word_1_207' title='bbox 649 1980 736 2037; x_wconf 89' lang='lat' dir='ltr'>ipso</span> <span class='ocrx_word' id='word_1_208' title='bbox 770 1979 922 2020; x_wconf 85' lang='lat' dir='ltr'>omnia.</span> <span class='ocrx_word' id='word_1_209' title='bbox 962 1978 1008 2026; x_wconf 64' lang='lat' dir='ltr'>Si</span> <span class='ocrx_word' id='word_1_210' title='bbox 1041 1988 1180 2020; x_wconf 82' lang='lat' dir='ltr'>autem</span> <span class='ocrx_word' id='word_1_211' title='bbox 1210 1988 1251 2020; x_wconf 81' lang='lat' dir='ltr'>et</span> <span class='ocrx_word' id='word_1_212' title='bbox 1275 1994 1347 2036; x_wconf 79' lang='lat' dir='ltr'>per</span> <span class='ocrx_word' id='word_1_213' title='bbox 1372 1979 1537 2020; x_wconf 80' lang='lat' dir='ltr'>Patrem</span> <span class='ocrx_word' id='word_1_214' title='bbox 1563 1977 1702 2018; x_wconf 73' lang='lat' dir='ltr'>omnia</span> <span class='ocrx_word' id='word_1_215' title='bbox 1719 2007 1730 2023; x_wconf 89' lang='lat'><strong>,</strong></span> 
     </span>
     <span class='ocr_line' id='line_1_26' title="bbox 380 2046 1735 2106; baseline -0.004 -13"><span class='ocrx_word' id='word_1_216' title='bbox 380 2051 489 2093; x_wconf 81' lang='lat' dir='ltr'>nihil</span> <span class='ocrx_word' id='word_1_217' title='bbox 524 2050 668 2106; x_wconf 88' lang='lat' dir='ltr'>utique</span> <span class='ocrx_word' id='word_1_218' title='bbox 690 2049 796 2091; x_wconf 89' lang='lat' dir='ltr'>Filio</span> <span class='ocrx_word' id='word_1_219' title='bbox 821 2050 1108 2106; x_wconf 80' lang='lat' dir='ltr'>derogandum</span> <span class='ocrx_word' id='word_1_220' title='bbox 1130 2064 1138 2090; x_wconf 74' lang='grc' dir='ltr'>ε</span> <span class='ocrx_word' id='word_1_221' title='bbox 1165 2057 1206 2090; x_wconf 80' lang='lat' dir='ltr'>et</span> <span class='ocrx_word' id='word_1_222' title='bbox 1229 2049 1260 2090; x_wconf 83' lang='lat' dir='ltr'>si</span> <span class='ocrx_word' id='word_1_223' title='bbox 1287 2064 1337 2090; x_wconf 88' lang='lat' dir='ltr'>ex</span> <span class='ocrx_word' id='word_1_224' title='bbox 1367 2048 1473 2089; x_wconf 86' lang='lat' dir='ltr'>Filio</span> <span class='ocrx_word' id='word_1_225' title='bbox 1495 2047 1655 2096; x_wconf 87' lang='lat' dir='ltr'>omnia,</span> <span class='ocrx_word' id='word_1_226' title='bbox 1684 2046 1735 2088; x_wconf 86' lang='lat' dir='ltr'>si-</span> 
     </span>
     <span class='ocr_line' id='line_1_27' title="bbox 381 2119 1641 2163; baseline -0.003 -1"><span class='ocrx_word' id='word_1_227' title='bbox 381 2122 538 2163; x_wconf 85' lang='lat' dir='ltr'>militer</span> <span class='ocrx_word' id='word_1_228' title='bbox 559 2128 600 2161; x_wconf 86' lang='lat' dir='ltr'>et</span> <span class='ocrx_word' id='word_1_229' title='bbox 621 2120 726 2161; x_wconf 85' lang='lat' dir='ltr'>Filio</span> <span class='ocrx_word' id='word_1_230' title='bbox 746 2119 1036 2161; x_wconf 75' lang='lat' dir='ltr'>deserendum.</span> <span class='ocrx_word' id='word_1_231' title='bbox 1638 2119 1641 2121; x_wconf 79' lang='grc'><strong><em>’</em></strong></span> 
     </span>
    </p>

    <p class='ocr_par' dir='ltr' id='par_1_6' title="bbox 384 2185 1792 2525">
     <span class='ocr_line' id='line_1_28' title="bbox 445 2185 1792 2241; baseline -0.006 -10"><span class='ocrx_word' id='word_1_232' title='bbox 445 2189 624 2232; x_wconf 76' lang='lat' dir='ltr'><strong>CXLIV.</strong></span> <span class='ocrx_word' id='word_1_233' title='bbox 657 2190 717 2231; x_wconf 87' lang='lat' dir='ltr'>Ac</span> <span class='ocrx_word' id='word_1_234' title='bbox 748 2204 801 2230; x_wconf 83' lang='lat' dir='ltr'>ne</span> <span class='ocrx_word' id='word_1_235' title='bbox 832 2189 1017 2230; x_wconf 70' lang='lat' dir='ltr'>insidiari</span> <span class='ocrx_word' id='word_1_236' title='bbox 1054 2204 1128 2230; x_wconf 85' lang='lat' dir='ltr'>nos</span> <span class='ocrx_word' id='word_1_237' title='bbox 1153 2187 1275 2229; x_wconf 82' lang='lat' dir='ltr'>unius</span> <span class='ocrx_word' id='word_1_238' title='bbox 1309 2188 1566 2229; x_wconf 78' lang='lat' dir='ltr'>arbitrentur·</span> <span class='ocrx_word' id='word_1_239' title='bbox 1587 2185 1735 2241; x_wconf 78' lang='lat' dir='ltr'>obrep-</span> <span class='ocrx_word' id='word_1_240' title='bbox 1789 2219 1792 2223; x_wconf 81' lang='grc'>,</span> 
     </span>
     <span class='ocr_line' id='line_1_29' title="bbox 384 2254 1731 2313; baseline -0.004 -13"><span class='ocrx_word' id='word_1_241' title='bbox 384 2261 497 2301; x_wconf 80' lang='lat' dir='ltr'>tione</span> <span class='ocrx_word' id='word_1_242' title='bbox 531 2258 747 2307; x_wconf 81' lang='lat' dir='ltr'>versiculi,</span> <span class='ocrx_word' id='word_1_243' title='bbox 781 2266 914 2300; x_wconf 84' lang='lat' dir='ltr'>totum</span> <span class='ocrx_word' id='word_1_244' title='bbox 945 2266 1070 2313; x_wconf 82' lang='lat' dir='ltr'>caput</span> <span class='ocrx_word' id='word_1_245' title='bbox 1095 2272 1388 2298; x_wconf 79' lang='lat' dir='ltr'>recenseamus</span> <span class='ocrx_word' id='word_1_246' title='bbox 1408 2272 1416 2297; x_wconf 94' lang='lat'>:</span> <span class='ocrx_word' id='word_1_247' title='bbox 1435 2274 1449 2294; x_wconf 78' lang='lat' dir='ltr'>a</span> <span class='ocrx_word' id='word_1_248' title='bbox 1468 2255 1504 2297; x_wconf 92' lang='lat' dir='ltr'>O</span> <span class='ocrx_word' id='word_1_249' title='bbox 1528 2254 1731 2303; x_wconf 83' lang='lat' dir='ltr'>altitudo,</span> 
     </span>
     <span class='ocr_line' id='line_1_30' title="bbox 385 2325 1735 2384; baseline -0.004 -15"><span class='ocrx_word' id='word_1_250' title='bbox 385 2348 400 2368; x_wconf 69' lang='lat'>&gt;³</span> <span class='ocrx_word' id='word_1_251' title='bbox 417 2329 572 2384; x_wconf 83' lang='lat' dir='ltr'>inquit,</span> <span class='ocrx_word' id='word_1_252' title='bbox 611 2328 848 2369; x_wconf 78' lang='lat' dir='ltr'>divitiarum</span> <span class='ocrx_word' id='word_1_253' title='bbox 875 2327 1085 2384; x_wconf 82' lang='lat' dir='ltr'>sapientiae</span> <span class='ocrx_word' id='word_1_254' title='bbox 1115 2335 1156 2368; x_wconf 80' lang='lat' dir='ltr'>et</span> <span class='ocrx_word' id='word_1_255' title='bbox 1179 2326 1361 2368; x_wconf 72' lang='lat' dir='ltr'>scientim</span> <span class='ocrx_word' id='word_1_256' title='bbox 1384 2325 1460 2367; x_wconf 82' lang='lat' dir='ltr'>Dei</span> <span class='ocrx_word' id='word_1_257' title='bbox 1485 2341 1494 2366; x_wconf 94' lang='lat'><strong>:</strong></span> <span class='ocrx_word' id='word_1_258' title='bbox 1519 2339 1642 2381; x_wconf 82' lang='lat' dir='ltr'>quam</span> <span class='ocrx_word' id='word_1_259' title='bbox 1678 2325 1735 2365; x_wconf 88' lang='lat' dir='ltr'>in-</span> 
     </span>
     <span class='ocr_line' id='line_1_31' title="bbox 386 2393 1732 2454; baseline -0.004 -16"><span class='ocrx_word' id='word_1_260' title='bbox 386 2398 656 2452; x_wconf 81' lang='lat' dir='ltr'>»scrutabilia</span> <span class='ocrx_word' id='word_1_261' title='bbox 681 2406 779 2439; x_wconf 80' lang='lat' dir='ltr'>sunt</span> <span class='ocrx_word' id='word_1_262' title='bbox 801 2397 956 2454; x_wconf 79' lang='lat' dir='ltr'>judicia</span> <span class='ocrx_word' id='word_1_263' title='bbox 980 2396 1094 2453; x_wconf 71' lang='lat' dir='ltr'>ejtis‚</span> <span class='ocrx_word' id='word_1_264' title='bbox 1126 2405 1168 2437; x_wconf 87' lang='lat' dir='ltr'>et</span> <span class='ocrx_word' id='word_1_265' title='bbox 1191 2396 1497 2452; x_wconf 83' lang='lat' dir='ltr'>investigabiles</span> <span class='ocrx_word' id='word_1_266' title='bbox 1520 2395 1594 2435; x_wconf 82' lang='lat' dir='ltr'>viae</span> <span class='ocrx_word' id='word_1_267' title='bbox 1618 2393 1732 2449; x_wconf 81' lang='lat' dir='ltr'>ejus!</span> 
     </span>
     <span class='ocr_line' id='line_1_32' title="bbox 386 2463 1736 2525; baseline -0.002 -18"><span class='ocrx_word' id='word_1_268' title='bbox 386 2468 522 2519; x_wconf 81' lang='lat' dir='ltr'>»Quis</span> <span class='ocrx_word' id='word_1_269' title='bbox 546 2468 658 2510; x_wconf 82' lang='lat' dir='ltr'>enim</span> <span class='ocrx_word' id='word_1_270' title='bbox 683 2468 881 2525; x_wconf 82' lang='lat' dir='ltr'>cognovit</span> <span class='ocrx_word' id='word_1_271' title='bbox 907 2482 1075 2509; x_wconf 81' lang='lat' dir='ltr'>sensum</span> <span class='ocrx_word' id='word_1_272' title='bbox 1104 2466 1304 2508; x_wconf 73' lang='lat' dir='ltr'>Domini?</span> <span class='ocrx_word' id='word_1_273' title='bbox 1327 2475 1399 2508; x_wconf 79' lang='lat' dir='ltr'>aut</span> <span class='ocrx_word' id='word_1_274' title='bbox 1426 2466 1518 2522; x_wconf 88' lang='lat' dir='ltr'>quis</span> <span class='ocrx_word' id='word_1_275' title='bbox 1547 2463 1736 2508; x_wconf 82' lang='lat' dir='ltr'>consilia-</span> 
     </span>
    </p>
   </div>
   <div class='ocr_carea' id='block_1_3' title="bbox 388 2565 1735 2657">
    <p class='ocr_par' dir='ltr' id='par_1_7' title="bbox 388 2565 1735 2657">
     <span class='ocr_line' id='line_1_33' title="bbox 433 2565 1735 2613; baseline -0.001 -14"><span class='ocrx_word' id='word_1_276' title='bbox 433 2579 439 2592; x_wconf 92' lang='lat'>·</span> <span class='ocrx_word' id='word_1_277' title='bbox 468 2570 590 2601; x_wconf 76' lang='lat' dir='ltr'>Coloss.</span> <span class='ocrx_word' id='word_1_278' title='bbox 618 2581 640 2606; x_wconf 69' lang='lat' dir='ltr'>r,</span> <span class='ocrx_word' id='word_1_279' title='bbox 671 2580 718 2613; x_wconf 86' lang='lat'>¹7·</span> <span class='ocrx_word' id='word_1_280' title='bbox 740 2588 779 2594; x_wconf 91' lang='lat'><strong>—</strong></span> <span class='ocrx_word' id='word_1_281' title='bbox 799 2579 809 2595; x_wconf 80' lang='lat'>⁸</span> <span class='ocrx_word' id='word_1_282' title='bbox 835 2570 929 2603; x_wconf 70' lang='lat' dir='ltr'>Rom.</span> <span class='ocrx_word' id='word_1_283' title='bbox 955 2580 1000 2609; x_wconf 76' lang='lat' dir='ltr'>tx,</span> <span class='ocrx_word' id='word_1_284' title='bbox 1019 2570 1047 2601; x_wconf 87' lang='lat'>5.</span> <span class='ocrx_word' id='word_1_285' title='bbox 1070 2587 1108 2593; x_wconf 96' lang='lat'><strong>—</strong></span> <span class='ocrx_word' id='word_1_286' title='bbox 1126 2570 1138 2592; x_wconf 81' lang='lat'>3</span> <span class='ocrx_word' id='word_1_287' title='bbox 1152 2568 1234 2602; x_wconf 65' lang='lat' dir='ltr'>Psal.</span> <span class='ocrx_word' id='word_1_288' title='bbox 1253 2579 1324 2612; x_wconf 79' lang='grc'>11111,</span> <span class='ocrx_word' id='word_1_289' title='bbox 1340 2569 1371 2600; x_wconf 86' lang='lat'>8.</span> <span class='ocrx_word' id='word_1_290' title='bbox 1392 2586 1432 2593; x_wconf 94' lang='lat'>—</span> <span class='ocrx_word' id='word_1_291' title='bbox 1449 2570 1462 2596; x_wconf 73' lang='lat'>⁴.</span> <span class='ocrx_word' id='word_1_292' title='bbox 1479 2567 1578 2599; x_wconf 80' lang='lat' dir='ltr'>Hebr.</span> <span class='ocrx_word' id='word_1_293' title='bbox 1597 2577 1632 2601; x_wconf 84' lang='lat' dir='ltr'>u,</span> <span class='ocrx_word' id='word_1_294' title='bbox 1647 2565 1679 2600; x_wconf 76' lang='grc'>8.</span> <span class='ocrx_word' id='word_1_295' title='bbox 1696 2581 1735 2588; x_wconf 87' lang='lat'>—-</span> 
     </span>
     <span class='ocr_line' id='line_1_34' title="bbox 388 2624 649 2657; baseline 0 -1"><span class='ocrx_word' id='word_1_296' title='bbox 388 2627 401 2646; x_wconf 67' lang='lat'><strong><em>⁶</em></strong></span> <span class='ocrx_word' id='word_1_297' title='bbox 421 2624 513 2656; x_wconf 59' lang='lat' dir='ltr'>Rom.</span> <span class='ocrx_word' id='word_1_298' title='bbox 536 2635 580 2657; x_wconf 66' lang='lat' dir='ltr'>xl.</span> <span class='ocrx_word' id='word_1_299' title='bbox 600 2625 649 2656; x_wconf 77' lang='lat'>35.</span> 
     </span>
    </p>
   </div>
   <div class='ocr_carea' id='block_1_4' title="bbox 1752 0 1806 3256">
    <p class='ocr_par' dir='ltr' id='par_1_8' title="bbox 1752 0 1806 3256">
     <span class='ocr_line' id='line_1_35' title="bbox 1752 0 1806 3256; baseline 0 0"><span class='ocrx_word' id='word_1_300' title='bbox 1752 0 1806 3256; x_wconf 95' lang='lat' dir='ltr'> </span> 
     </span>
    </p>
   </div>
  </div>
 </body>
</html>
