<?xml version="1.0" encoding="UTF-8"?>
<!DOCTYPE html PUBLIC "-//W3C//DTD XHTML 1.0 Transitional//EN"
    "http://www.w3.org/TR/xhtml1/DTD/xhtml1-transitional.dtd">
<html xmlns="http://www.w3.org/1999/xhtml" xml:lang="en" lang="en">
 <head>
  <title>
</title>
<meta http-equiv="Content-Type" content="text/html;charset=utf-8" />
  <meta name='ocr-system' content='tesseract 3.04.00' />
  <meta name='ocr-capabilities' content='ocr_page ocr_carea ocr_par ocr_line ocrx_word'/>
</head>
<body>
  <div class='ocr_page' id='page_1' title='image "./omniaequaeextant06ambruoft_0548.png"; bbox 0 0 1768 3283; ppageno 0'>
   <div class='ocr_carea' id='block_1_1' title="bbox 331 312 1063 354">
    <p class='ocr_par' dir='ltr' id='par_1_1' title="bbox 331 312 1063 354">
     <span class='ocr_line' id='line_1_1' title="bbox 331 312 1063 354; baseline -0.003 -1"><span class='ocrx_word' id='word_1_1' title='bbox 331 312 415 354; x_wconf 71' lang='grc'><strong>528</strong></span> <span class='ocrx_word' id='word_1_2' title='bbox 926 322 1063 352; x_wconf 74' lang='grc' dir='ltr'><strong>ιΝυΕκ.</strong></span> 
     </span>
    </p>
   </div>
   <div class='ocr_carea' id='block_1_2' title="bbox 327 395 1678 1587">
    <p class='ocr_par' dir='ltr' id='par_1_2' title="bbox 369 395 1673 711">
     <span class='ocr_line' id='line_1_2' title="bbox 371 395 1587 443; baseline -0.002 -11"><span class='ocrx_word' id='word_1_3' title='bbox 371 405 438 440; x_wconf 88' lang='lat' dir='ltr'><strong>est,</strong></span> <span class='ocrx_word' id='word_1_4' title='bbox 457 399 545 432; x_wconf 84' lang='lat' dir='ltr'><strong>Patri</strong></span> <span class='ocrx_word' id='word_1_5' title='bbox 560 399 614 443; x_wconf 87' lang='lat' dir='ltr'><strong>qui</strong></span> <span class='ocrx_word' id='word_1_6' title='bbox 631 398 814 442; x_wconf 84' lang='lat' dir='ltr'><strong>generavit.</strong></span> <span class='ocrx_word' id='word_1_7' title='bbox 830 398 985 441; x_wconf 68' lang='lat' dir='ltr'><strong>aequalem</strong></span> <span class='ocrx_word' id='word_1_8' title='bbox 995 409 1074 435; x_wconf 82' lang='lat' dir='ltr'><strong>esse,</strong></span> <span class='ocrx_word' id='word_1_9' title='bbox 1092 395 1329 440; x_wconf 84' lang='lat' dir='ltr'><strong>opponentibus</strong></span> <span class='ocrx_word' id='word_1_10' title='bbox 1341 396 1526 429; x_wconf 81' lang='lat' dir='ltr'><strong>adversariis</strong></span> <span class='ocrx_word' id='word_1_11' title='bbox 1537 406 1587 439; x_wconf 83' lang='lat' dir='ltr'><strong>ge-</strong></span> 
     </span>
     <span class='ocr_line' id='line_1_3' title="bbox 381 452 1590 496; baseline -0.002 -10"><span class='ocrx_word' id='word_1_12' title='bbox 381 455 484 487; x_wconf 85' lang='lat' dir='ltr'><strong>nitum</strong></span> <span class='ocrx_word' id='word_1_13' title='bbox 499 465 569 486; x_wconf 86' lang='lat' dir='ltr'><strong>cum</strong></span> <span class='ocrx_word' id='word_1_14' title='bbox 585 454 727 496; x_wconf 83' lang='lat' dir='ltr'><strong>ingenito</strong></span> <span class='ocrx_word' id='word_1_15' title='bbox 741 453 882 496; x_wconf 85' lang='lat' dir='ltr'><strong>ejusdem</strong></span> <span class='ocrx_word' id='word_1_16' title='bbox 898 459 1021 485; x_wconf 86' lang='lat' dir='ltr'><strong>naturae</strong></span> <span class='ocrx_word' id='word_1_17' title='bbox 1036 463 1101 485; x_wconf 88' lang='lat' dir='ltr'><strong>esse</strong></span> <span class='ocrx_word' id='word_1_18' title='bbox 1115 463 1178 484; x_wconf 92' lang='lat' dir='ltr'><strong>non</strong></span> <span class='ocrx_word' id='word_1_19' title='bbox 1192 462 1299 495; x_wconf 88' lang='lat' dir='ltr'><strong>posse;</strong></span> <span class='ocrx_word' id='word_1_20' title='bbox 1313 452 1525 494; x_wconf 76' lang='lat' dir='ltr'><strong>respondetur</strong></span> <span class='ocrx_word' id='word_1_21' title='bbox 1537 462 1590 484; x_wconf 85' lang='lat' dir='ltr'><strong>vo-</strong></span> 
     </span>
     <span class='ocr_line' id='line_1_4' title="bbox 370 504 1586 550; baseline -0.003 -10"><span class='ocrx_word' id='word_1_22' title='bbox 370 518 422 540; x_wconf 84' lang='lat' dir='ltr'><strong>ces</strong></span> <span class='ocrx_word' id='word_1_23' title='bbox 433 507 579 549; x_wconf 78' lang='lat' dir='ltr'><strong>genitum</strong></span> <span class='ocrx_word' id='word_1_24' title='bbox 597 513 693 550; x_wconf 85' lang='lat' dir='ltr'><strong>atque</strong></span> <span class='ocrx_word' id='word_1_25' title='bbox 708 507 886 547; x_wconf 72' lang='lat' dir='ltr'><strong>ingenuum</strong></span> <span class='ocrx_word' id='word_1_26' title='bbox 905 516 976 549; x_wconf 83' lang='lat' dir='ltr'><strong>quae</strong></span> <span class='ocrx_word' id='word_1_27' title='bbox 996 507 1027 538; x_wconf 90' lang='lat' dir='ltr'><strong>iu</strong></span> <span class='ocrx_word' id='word_1_28' title='bbox 1050 506 1224 548; x_wconf 85' lang='lat' dir='ltr'><strong>Scripturis</strong></span> <span class='ocrx_word' id='word_1_29' title='bbox 1238 517 1302 538; x_wconf 88' lang='lat' dir='ltr'><strong>non</strong></span> <span class='ocrx_word' id='word_1_30' title='bbox 1320 505 1483 547; x_wconf 85' lang='lat' dir='ltr'><strong>leguntur,</strong></span> <span class='ocrx_word' id='word_1_31' title='bbox 1495 505 1535 537; x_wconf 89' lang='lat' dir='ltr'><strong>ab</strong></span> <span class='ocrx_word' id='word_1_32' title='bbox 1549 504 1586 537; x_wconf 88' lang='lat' dir='ltr'><strong>iis</strong></span> 
     </span>
     <span class='ocr_line' id='line_1_5' title="bbox 369 559 1640 603; baseline -0.003 -8"><span class='ocrx_word' id='word_1_33' title='bbox 369 563 421 595; x_wconf 89' lang='lat' dir='ltr'><strong>hic</strong></span> <span class='ocrx_word' id='word_1_34' title='bbox 436 563 540 595; x_wconf 85' lang='lat' dir='ltr'><strong>induci</strong></span> <span class='ocrx_word' id='word_1_35' title='bbox 559 586 568 602; x_wconf 95' lang='lat'>,</span> <span class='ocrx_word' id='word_1_36' title='bbox 591 574 662 594; x_wconf 89' lang='lat' dir='ltr'><strong>cum</strong></span> <span class='ocrx_word' id='word_1_37' title='bbox 678 563 746 594; x_wconf 88' lang='lat' dir='ltr'><strong>illas</strong></span> <span class='ocrx_word' id='word_1_38' title='bbox 761 567 911 593; x_wconf 78' lang='lat' dir='ltr'><strong>naturam</strong></span> <span class='ocrx_word' id='word_1_39' title='bbox 927 567 959 594; x_wconf 89' lang='lat' dir='ltr'><strong>et</strong></span> <span class='ocrx_word' id='word_1_40' title='bbox 975 561 1191 593; x_wconf 75' lang='lat' dir='ltr'><strong><em>substantiam</em></strong></span> <span class='ocrx_word' id='word_1_41' title='bbox 1208 561 1280 593; x_wconf 89' lang='lat' dir='ltr'><strong>ideo</strong></span> <span class='ocrx_word' id='word_1_42' title='bbox 1293 561 1484 602; x_wconf 87' lang='lat' dir='ltr'><strong>repudient,</strong></span> <span class='ocrx_word' id='word_1_43' title='bbox 1501 559 1588 603; x_wconf 90' lang='lat' dir='ltr'><strong>quod</strong></span> <span class='ocrx_word' id='word_1_44' title='bbox 1638 569 1640 571; x_wconf 69' lang='grc'><strong><em>’</em></strong></span> 
     </span>
     <span class='ocr_line' id='line_1_6' title="bbox 369 615 1587 660; baseline -0.002 -11"><span class='ocrx_word' id='word_1_45' title='bbox 369 628 419 649; x_wconf 86' lang='lat' dir='ltr'><strong>eas</strong></span> <span class='ocrx_word' id='word_1_46' title='bbox 432 618 463 649; x_wconf 94' lang='lat' dir='ltr'><strong>in</strong></span> <span class='ocrx_word' id='word_1_47' title='bbox 479 618 590 649; x_wconf 83' lang='lat' dir='ltr'><strong>iisdem</strong></span> <span class='ocrx_word' id='word_1_48' title='bbox 604 617 778 660; x_wconf 90' lang='lat' dir='ltr'><strong>Scripturis</strong></span> <span class='ocrx_word' id='word_1_49' title='bbox 795 622 910 659; x_wconf 82' lang='lat' dir='ltr'><strong>negent</strong></span> <span class='ocrx_word' id='word_1_50' title='bbox 924 616 1133 649; x_wconf 73' lang='lat' dir='ltr'><strong>extare.Tum</strong></span> <span class='ocrx_word' id='word_1_51' title='bbox 1149 615 1244 648; x_wconf 87' lang='lat' dir='ltr'><strong>etiam</strong></span> <span class='ocrx_word' id='word_1_52' title='bbox 1259 616 1291 647; x_wconf 91' lang='lat' dir='ltr'><strong>in</strong></span> <span class='ocrx_word' id='word_1_53' title='bbox 1304 616 1373 648; x_wconf 89' lang='lat' dir='ltr'><strong>Deo</strong></span> <span class='ocrx_word' id='word_1_54' title='bbox 1389 620 1537 647; x_wconf 84' lang='lat' dir='ltr'><strong>naturam</strong></span> <span class='ocrx_word' id='word_1_55' title='bbox 1549 624 1587 647; x_wconf 88' lang='lat' dir='ltr'><strong>ac</strong></span> 
     </span>
     <span class='ocr_line' id='line_1_7' title="bbox 370 669 1673 711; baseline -0.002 -9"><span class='ocrx_word' id='word_1_56' title='bbox 370 671 579 704; x_wconf 79' lang='lat' dir='ltr'>substantiam</span> <span class='ocrx_word' id='word_1_57' title='bbox 591 682 657 703; x_wconf 87' lang='lat' dir='ltr'><strong>esse</strong></span> <span class='ocrx_word' id='word_1_58' title='bbox 669 682 705 703; x_wconf 89' lang='lat' dir='ltr'><strong>ex</strong></span> <span class='ocrx_word' id='word_1_59' title='bbox 724 671 819 703; x_wconf 88' lang='lat' dir='ltr'><strong>sacris</strong></span> <span class='ocrx_word' id='word_1_60' title='bbox 835 670 1007 703; x_wconf 89' lang='lat' dir='ltr'><strong>Codicibus</strong></span> <span class='ocrx_word' id='word_1_61' title='bbox 1018 670 1188 703; x_wconf 77' lang='lat' dir='ltr'><strong>evincitur.</strong></span> <span class='ocrx_word' id='word_1_62' title='bbox 1612 669 1673 711; x_wconf 66' lang='lat'><strong>474</strong></span> 
     </span>
    </p>

    <p class='ocr_par' dir='ltr' id='par_1_3' title="bbox 327 724 1678 1204">
     <span class='ocr_line' id='line_1_8' title="bbox 327 724 1591 768; baseline -0.002 -11"><span class='ocrx_word' id='word_1_63' title='bbox 327 726 437 758; x_wconf 63' lang='lat' dir='ltr'><strong>Cnrur</strong></span> <span class='ocrx_word' id='word_1_64' title='bbox 463 726 526 758; x_wconf 84' lang='lat' dir='ltr'><strong>lx.</strong></span> <span class='ocrx_word' id='word_1_65' title='bbox 550 727 637 758; x_wconf 91' lang='lat' dir='ltr'><strong>Dum</strong></span> <span class='ocrx_word' id='word_1_66' title='bbox 655 726 831 768; x_wconf 84' lang='lat' dir='ltr'><strong>ingenitum</strong></span> <span class='ocrx_word' id='word_1_67' title='bbox 856 729 999 761; x_wconf 87' lang='lat' dir='ltr'><strong>Patrem,</strong></span> <span class='ocrx_word' id='word_1_68' title='bbox 1023 725 1108 767; x_wconf 88' lang='lat' dir='ltr'><strong>quod</strong></span> <span class='ocrx_word' id='word_1_69' title='bbox 1124 725 1155 756; x_wconf 92' lang='lat' dir='ltr'><strong>in</strong></span> <span class='ocrx_word' id='word_1_70' title='bbox 1174 724 1340 767; x_wconf 73' lang='lat' dir='ltr'>Scriptura</span> <span class='ocrx_word' id='word_1_71' title='bbox 1360 734 1422 756; x_wconf 91' lang='lat' dir='ltr'><strong>non</strong></span> <span class='ocrx_word' id='word_1_72' title='bbox 1444 724 1591 765; x_wconf 84' lang='lat' dir='ltr'><strong>legerunt</strong></span> 
     </span>
     <span class='ocr_line' id='line_1_9' title="bbox 373 777 1589 821; baseline -0.002 -10"><span class='ocrx_word' id='word_1_73' title='bbox 373 780 514 812; x_wconf 84' lang='lat' dir='ltr'><strong>haeretici</strong></span> <span class='ocrx_word' id='word_1_74' title='bbox 532 802 542 819; x_wconf 78' lang='lat'>‚</span> <span class='ocrx_word' id='word_1_75' title='bbox 560 780 619 812; x_wconf 92' lang='lat' dir='ltr'><strong>sibi</strong></span> <span class='ocrx_word' id='word_1_76' title='bbox 641 781 771 812; x_wconf 88' lang='lat' dir='ltr'><strong>concedi</strong></span> <span class='ocrx_word' id='word_1_77' title='bbox 789 780 918 819; x_wconf 85' lang='lat' dir='ltr'><strong>volunt,</strong></span> <span class='ocrx_word' id='word_1_78' title='bbox 938 790 991 812; x_wconf 87' lang='lat' dir='ltr'><strong>eos</strong></span> <span class='ocrx_word' id='word_1_79' title='bbox 1015 779 1228 812; x_wconf 86' lang='lat' dir='ltr'><strong>contentionis</strong></span> <span class='ocrx_word' id='word_1_80' title='bbox 1240 778 1380 811; x_wconf 89' lang='lat' dir='ltr'><strong>studium</strong></span> <span class='ocrx_word' id='word_1_81' title='bbox 1397 777 1589 821; x_wconf 74' lang='lat' dir='ltr'><strong>patefacere.</strong></span> 
     </span>
     <span class='ocr_line' id='line_1_10' title="bbox 373 832 1593 877; baseline -0.002 -11"><span class='ocrx_word' id='word_1_82' title='bbox 373 835 553 867; x_wconf 85' lang='lat' dir='ltr'><strong>Fatendum</strong></span> <span class='ocrx_word' id='word_1_83' title='bbox 567 841 673 868; x_wconf 87' lang='lat' dir='ltr'><strong>tamen</strong></span> <span class='ocrx_word' id='word_1_84' title='bbox 690 836 721 866; x_wconf 89' lang='lat' dir='ltr'><strong>id</strong></span> <span class='ocrx_word' id='word_1_85' title='bbox 740 835 894 877; x_wconf 88' lang='lat' dir='ltr'><strong>scriptum</strong></span> <span class='ocrx_word' id='word_1_86' title='bbox 908 845 974 867; x_wconf 87' lang='lat' dir='ltr'><strong>esse</strong></span> <span class='ocrx_word' id='word_1_87' title='bbox 987 859 997 875; x_wconf 87' lang='lat'>‚</span> <span class='ocrx_word' id='word_1_88' title='bbox 1012 834 1066 867; x_wconf 92' lang='lat' dir='ltr'><strong>sed</strong></span> <span class='ocrx_word' id='word_1_89' title='bbox 1083 833 1167 877; x_wconf 89' lang='lat' dir='ltr'><strong>apud</strong></span> <span class='ocrx_word' id='word_1_90' title='bbox 1182 834 1311 866; x_wconf 85' lang='lat' dir='ltr'><strong>Arrium</strong></span> <span class='ocrx_word' id='word_1_91' title='bbox 1323 857 1332 873; x_wconf 91' lang='lat'><strong>,</strong></span> <span class='ocrx_word' id='word_1_92' title='bbox 1350 833 1401 866; x_wconf 84' lang='lat' dir='ltr'><strong>cui</strong></span> <span class='ocrx_word' id='word_1_93' title='bbox 1417 832 1593 875; x_wconf 85' lang='lat' dir='ltr'><strong>opponitur</strong></span> 
     </span>
     <span class='ocr_line' id='line_1_11' title="bbox 374 887 1591 933; baseline -0.003 -12"><span class='ocrx_word' id='word_1_94' title='bbox 374 890 781 933; x_wconf 83' lang='lat' dir='ltr'><strong>Apostolus.Retorquetur</strong></span> <span class='ocrx_word' id='word_1_95' title='bbox 793 900 902 921; x_wconf 88' lang='lat' dir='ltr'><strong>eorum</strong></span> <span class='ocrx_word' id='word_1_96' title='bbox 914 889 1054 932; x_wconf 76' lang='lat' dir='ltr'><strong>objectio</strong></span> <span class='ocrx_word' id='word_1_97' title='bbox 1070 894 1181 921; x_wconf 78' lang='lat' dir='ltr'><strong>contra</strong></span> <span class='ocrx_word' id='word_1_98' title='bbox 1196 888 1294 930; x_wconf 84' lang='lat' dir='ltr'><strong>ipsos,</strong></span> <span class='ocrx_word' id='word_1_99' title='bbox 1305 893 1336 920; x_wconf 90' lang='lat' dir='ltr'><strong>et</strong></span> <span class='ocrx_word' id='word_1_100' title='bbox 1353 898 1412 919; x_wconf 83' lang='lat' dir='ltr'><strong>vox</strong></span> <span class='ocrx_word' id='word_1_101' title='bbox 1429 887 1591 928; x_wconf 74' lang='lat' dir='ltr'><strong>ingenitas</strong></span> 
     </span>
     <span class='ocr_line' id='line_1_12' title="bbox 372 942 1593 986; baseline -0.003 -8"><span class='ocrx_word' id='word_1_102' title='bbox 372 946 467 979; x_wconf 84' lang='lat' dir='ltr'><strong>etiam</strong></span> <span class='ocrx_word' id='word_1_103' title='bbox 492 950 645 977; x_wconf 83' lang='lat' dir='ltr'><strong>creaturae</strong></span> <span class='ocrx_word' id='word_1_104' title='bbox 666 944 843 976; x_wconf 84' lang='lat' dir='ltr'><strong>communis</strong></span> <span class='ocrx_word' id='word_1_105' title='bbox 873 943 1034 975; x_wconf 88' lang='lat' dir='ltr'><strong>asseritur.</strong></span> <span class='ocrx_word' id='word_1_106' title='bbox 1061 944 1138 975; x_wconf 82' lang='lat' dir='ltr'><strong>Mox</strong></span> <span class='ocrx_word' id='word_1_107' title='bbox 1162 943 1318 986; x_wconf 83' lang='lat' dir='ltr'><strong>explicato</strong></span> <span class='ocrx_word' id='word_1_108' title='bbox 1341 942 1593 974; x_wconf 85' lang='lat' dir='ltr'><strong>adversariorum</strong></span> 
     </span>
     <span class='ocr_line' id='line_1_13' title="bbox 371 996 1591 1040; baseline -0.004 -8"><span class='ocrx_word' id='word_1_109' title='bbox 371 1000 538 1033; x_wconf 85' lang='lat' dir='ltr'><strong>ratiocinio</strong></span> <span class='ocrx_word' id='word_1_110' title='bbox 555 1022 563 1036; x_wconf 85' lang='lat'><strong>,</strong></span> <span class='ocrx_word' id='word_1_111' title='bbox 595 998 724 1040; x_wconf 80' lang='lat' dir='ltr'><strong>reponit</strong></span> <span class='ocrx_word' id='word_1_112' title='bbox 753 998 940 1029; x_wconf 88' lang='lat' dir='ltr'><strong>Ambrosius</strong></span> <span class='ocrx_word' id='word_1_113' title='bbox 965 997 1097 1029; x_wconf 84' lang='lat' dir='ltr'><strong>vocibus</strong></span> <span class='ocrx_word' id='word_1_114' title='bbox 1124 998 1225 1039; x_wconf 87' lang='lat' dir='ltr'><strong>geniti</strong></span> <span class='ocrx_word' id='word_1_115' title='bbox 1249 1003 1345 1040; x_wconf 89' lang='lat' dir='ltr'><strong>atque</strong></span> <span class='ocrx_word' id='word_1_116' title='bbox 1373 996 1507 1038; x_wconf 85' lang='lat' dir='ltr'><strong>ingeniti</strong></span> <span class='ocrx_word' id='word_1_117' title='bbox 1528 1007 1591 1027; x_wconf 90' lang='lat' dir='ltr'><strong>non</strong></span> 
     </span>
     <span class='ocr_line' id='line_1_14' title="bbox 369 1051 1593 1095; baseline -0.004 -8"><span class='ocrx_word' id='word_1_118' title='bbox 369 1061 517 1087; x_wconf 87' lang='lat' dir='ltr'><strong>naturam</strong></span> <span class='ocrx_word' id='word_1_119' title='bbox 534 1052 703 1095; x_wconf 80' lang='lat' dir='ltr'><strong>significari</strong></span> <span class='ocrx_word' id='word_1_120' title='bbox 716 1076 725 1092; x_wconf 94' lang='lat'>,</span> <span class='ocrx_word' id='word_1_121' title='bbox 739 1052 794 1084; x_wconf 85' lang='lat' dir='ltr'><strong>sed</strong></span> <span class='ocrx_word' id='word_1_122' title='bbox 811 1052 1010 1094; x_wconf 86' lang='lat' dir='ltr'><strong>qualitatem.</strong></span> <span class='ocrx_word' id='word_1_123' title='bbox 1026 1051 1183 1084; x_wconf 87' lang='lat' dir='ltr'><strong>Adductis</strong></span> <span class='ocrx_word' id='word_1_124' title='bbox 1200 1051 1355 1093; x_wconf 82' lang='lat' dir='ltr'><strong>exemplis</strong></span> <span class='ocrx_word' id='word_1_125' title='bbox 1370 1051 1429 1082; x_wconf 81' lang='lat' dir='ltr'><strong>hoc</strong></span> <span class='ocrx_word' id='word_1_126' title='bbox 1443 1051 1508 1082; x_wconf 84' lang='lat' dir='ltr'><strong>suse</strong></span> <span class='ocrx_word' id='word_1_127' title='bbox 1524 1061 1593 1092; x_wconf 83' lang='lat' dir='ltr'><strong>pro-</strong></span> 
     </span>
     <span class='ocr_line' id='line_1_15' title="bbox 369 1105 1594 1150; baseline -0.004 -8"><span class='ocrx_word' id='word_1_128' title='bbox 369 1110 445 1148; x_wconf 88' lang='lat' dir='ltr'><strong>bat,</strong></span> <span class='ocrx_word' id='word_1_129' title='bbox 459 1109 513 1141; x_wconf 85' lang='lat' dir='ltr'><strong>sed</strong></span> <span class='ocrx_word' id='word_1_130' title='bbox 528 1109 561 1140; x_wconf 90' lang='lat' dir='ltr'><strong>in</strong></span> <span class='ocrx_word' id='word_1_131' title='bbox 576 1119 614 1140; x_wconf 90' lang='lat' dir='ltr'><strong>eo</strong></span> <span class='ocrx_word' id='word_1_132' title='bbox 631 1107 808 1150; x_wconf 86' lang='lat' dir='ltr'><strong>praesertim</strong></span> <span class='ocrx_word' id='word_1_133' title='bbox 825 1106 949 1148; x_wconf 84' lang='lat' dir='ltr'><strong>longior</strong></span> <span class='ocrx_word' id='word_1_134' title='bbox 972 1111 1039 1145; x_wconf 83' lang='lat' dir='ltr'><strong>est,</strong></span> <span class='ocrx_word' id='word_1_135' title='bbox 1065 1111 1101 1139; x_wconf 71' lang='lat' dir='ltr'><strong>ut,</strong></span> <span class='ocrx_word' id='word_1_136' title='bbox 1125 1116 1162 1138; x_wconf 87' lang='lat' dir='ltr'><strong>ex</strong></span> <span class='ocrx_word' id='word_1_137' title='bbox 1181 1105 1313 1138; x_wconf 87' lang='lat' dir='ltr'><strong>diversis</strong></span> <span class='ocrx_word' id='word_1_138' title='bbox 1334 1105 1435 1138; x_wconf 87' lang='lat' dir='ltr'><strong>initiis</strong></span> <span class='ocrx_word' id='word_1_139' title='bbox 1451 1105 1594 1137; x_wconf 84' lang='lat' dir='ltr'><strong>camdem</strong></span> 
     </span>
     <span class='ocr_line' id='line_1_16' title="bbox 370 1159 1678 1204; baseline -0.006 -8"><span class='ocrx_word' id='word_1_140' title='bbox 370 1164 578 1196; x_wconf 87' lang='lat' dir='ltr'><strong>substantiam</strong></span> <span class='ocrx_word' id='word_1_141' title='bbox 594 1162 710 1195; x_wconf 77' lang='lat' dir='ltr'><strong>exoriri</strong></span> <span class='ocrx_word' id='word_1_142' title='bbox 727 1172 816 1204; x_wconf 90' lang='lat' dir='ltr'><strong>posse</strong></span> <span class='ocrx_word' id='word_1_143' title='bbox 831 1161 935 1204; x_wconf 88' lang='lat' dir='ltr'><strong>palam</strong></span> <span class='ocrx_word' id='word_1_144' title='bbox 949 1160 1053 1193; x_wconf 78' lang='lat' dir='ltr'><strong>saciat.</strong></span> <span class='ocrx_word' id='word_1_145' title='bbox 1615 1159 1632 1198; x_wconf 68' lang='grc'><em>4</em></span> <span class='ocrx_word' id='word_1_146' title='bbox 1639 1171 1678 1202; x_wconf 83' lang='lat'><strong>77</strong></span> 
     </span>
    </p>

    <p class='ocr_par' dir='ltr' id='par_1_4' title="bbox 328 1213 1595 1313">
     <span class='ocr_line' id='line_1_17' title="bbox 328 1213 1595 1259; baseline -0.005 -9"><span class='ocrx_word' id='word_1_147' title='bbox 328 1219 442 1250; x_wconf 69' lang='lat' dir='ltr'><strong>Onu-r</strong></span> <span class='ocrx_word' id='word_1_148' title='bbox 465 1218 507 1249; x_wconf 91' lang='lat' dir='ltr'><strong>X.</strong></span> <span class='ocrx_word' id='word_1_149' title='bbox 537 1217 564 1248; x_wconf 76' lang='lat' dir='ltr'><strong>A</strong></span> <span class='ocrx_word' id='word_1_150' title='bbox 580 1215 798 1259; x_wconf 84' lang='lat' dir='ltr'><strong>superioribus</strong></span> <span class='ocrx_word' id='word_1_151' title='bbox 814 1225 867 1247; x_wconf 91' lang='lat' dir='ltr'><strong>eos</strong></span> <span class='ocrx_word' id='word_1_152' title='bbox 888 1225 952 1246; x_wconf 91' lang='lat' dir='ltr'><strong>non</strong></span> <span class='ocrx_word' id='word_1_153' title='bbox 973 1214 1156 1257; x_wconf 84' lang='lat' dir='ltr'><strong>discrepare</strong></span> <span class='ocrx_word' id='word_1_154' title='bbox 1169 1238 1178 1250; x_wconf 85' lang='lat'><em>,</em></span> <span class='ocrx_word' id='word_1_155' title='bbox 1194 1214 1247 1256; x_wconf 89' lang='lat' dir='ltr'><strong>qui</strong></span> <span class='ocrx_word' id='word_1_156' title='bbox 1262 1213 1382 1246; x_wconf 85' lang='lat' dir='ltr'><strong>Filium</strong></span> <span class='ocrx_word' id='word_1_157' title='bbox 1401 1213 1488 1246; x_wconf 89' lang='lat' dir='ltr'><strong>Patri</strong></span> <span class='ocrx_word' id='word_1_158' title='bbox 1504 1213 1595 1245; x_wconf 84' lang='lat' dir='ltr'><strong>simi-</strong></span> 
     </span>
     <span class='ocr_line' id='line_1_18' title="bbox 373 1267 1595 1313; baseline -0.005 -8"><span class='ocrx_word' id='word_1_159' title='bbox 373 1275 437 1306; x_wconf 86' lang='lat' dir='ltr'><strong>lem</strong></span> <span class='ocrx_word' id='word_1_160' title='bbox 458 1276 686 1313; x_wconf 81' lang='lat' dir='ltr'><strong>agnoscentes,</strong></span> <span class='ocrx_word' id='word_1_161' title='bbox 709 1270 853 1312; x_wconf 84' lang='lat' dir='ltr'><strong>ejusdem</strong></span> <span class='ocrx_word' id='word_1_162' title='bbox 869 1268 1057 1302; x_wconf 75' lang='lat' dir='ltr'><strong>substantiae</strong></span> <span class='ocrx_word' id='word_1_163' title='bbox 1071 1267 1263 1300; x_wconf 72' lang='lat' dir='ltr'><strong>inficiantur,</strong></span> <span class='ocrx_word' id='word_1_164' title='bbox 1294 1268 1367 1300; x_wconf 87' lang='lat' dir='ltr'><strong>Non</strong></span> <span class='ocrx_word' id='word_1_165' title='bbox 1395 1268 1482 1300; x_wconf 91' lang='lat' dir='ltr'><strong>enim</strong></span> <span class='ocrx_word' id='word_1_166' title='bbox 1504 1278 1595 1311; x_wconf 90' lang='lat' dir='ltr'><strong>posse</strong></span> 
     </span>
    </p>

    <p class='ocr_par' dir='ltr' id='par_1_5' title="bbox 333 1323 1595 1587">
     <span class='ocr_line' id='line_1_19' title="bbox 333 1323 1594 1367; baseline -0.005 -6"><span class='ocrx_word' id='word_1_167' title='bbox 333 1336 340 1343; x_wconf 91' lang='grc'><em>·</em></span> <span class='ocrx_word' id='word_1_168' title='bbox 370 1329 454 1361; x_wconf 90' lang='lat' dir='ltr'><strong>inter</strong></span> <span class='ocrx_word' id='word_1_169' title='bbox 468 1338 520 1360; x_wconf 87' lang='lat' dir='ltr'><strong>eos</strong></span> <span class='ocrx_word' id='word_1_170' title='bbox 534 1326 759 1359; x_wconf 82' lang='lat' dir='ltr'><strong>accidentalem</strong></span> <span class='ocrx_word' id='word_1_171' title='bbox 776 1331 829 1357; x_wconf 90' lang='lat' dir='ltr'><strong>aut</strong></span> <span class='ocrx_word' id='word_1_172' title='bbox 845 1324 1012 1367; x_wconf 86' lang='lat' dir='ltr'><strong>partialem</strong></span> <span class='ocrx_word' id='word_1_173' title='bbox 1033 1323 1231 1356; x_wconf 88' lang='lat' dir='ltr'><strong>intercedere</strong></span> <span class='ocrx_word' id='word_1_174' title='bbox 1247 1323 1507 1360; x_wconf 75' lang='lat' dir='ltr'><strong>similitudinem:</strong></span> <span class='ocrx_word' id='word_1_175' title='bbox 1523 1333 1594 1355; x_wconf 88' lang='lat' dir='ltr'><strong>cum</strong></span> 
     </span>
     <span class='ocr_line' id='line_1_20' title="bbox 372 1377 1595 1425; baseline -0.005 -10"><span class='ocrx_word' id='word_1_176' title='bbox 372 1382 554 1425; x_wconf 84' lang='lat' dir='ltr'><strong>hujusmodi</strong></span> <span class='ocrx_word' id='word_1_177' title='bbox 566 1379 883 1422; x_wconf 82' lang='lat' dir='ltr'><strong>similitudinespuris</strong></span> <span class='ocrx_word' id='word_1_178' title='bbox 896 1378 1158 1411; x_wconf 85' lang='lat' dir='ltr'><strong>hominibuscum</strong></span> <span class='ocrx_word' id='word_1_179' title='bbox 1171 1379 1241 1411; x_wconf 89' lang='lat' dir='ltr'><strong>Deo</strong></span> <span class='ocrx_word' id='word_1_180' title='bbox 1254 1377 1450 1415; x_wconf 81' lang='lat' dir='ltr'><strong>tribuantur,</strong></span> <span class='ocrx_word' id='word_1_181' title='bbox 1465 1382 1496 1410; x_wconf 88' lang='lat' dir='ltr'><strong>at</strong></span> <span class='ocrx_word' id='word_1_182' title='bbox 1511 1377 1595 1409; x_wconf 88' lang='lat' dir='ltr'><strong>Filio</strong></span> 
     </span>
     <span class='ocr_line' id='line_1_21' title="bbox 370 1431 1595 1475; baseline -0.006 -5"><span class='ocrx_word' id='word_1_183' title='bbox 370 1449 442 1471; x_wconf 90' lang='lat' dir='ltr'><strong>cum</strong></span> <span class='ocrx_word' id='word_1_184' title='bbox 454 1437 551 1469; x_wconf 83' lang='lat' dir='ltr'><strong>Patre</strong></span> <span class='ocrx_word' id='word_1_185' title='bbox 569 1442 692 1469; x_wconf 78' lang='lat' dir='ltr'><strong>naturae</strong></span> <span class='ocrx_word' id='word_1_186' title='bbox 708 1436 748 1468; x_wconf 88' lang='lat' dir='ltr'><strong>sit</strong></span> <span class='ocrx_word' id='word_1_187' title='bbox 772 1434 974 1472; x_wconf 88' lang='lat' dir='ltr'><strong>similitudo,</strong></span> <span class='ocrx_word' id='word_1_188' title='bbox 993 1434 1082 1475; x_wconf 85' lang='lat' dir='ltr'><strong>cujus</strong></span> <span class='ocrx_word' id='word_1_189' title='bbox 1096 1437 1128 1464; x_wconf 84' lang='lat' dir='ltr'><strong>et</strong></span> <span class='ocrx_word' id='word_1_190' title='bbox 1147 1432 1288 1474; x_wconf 81' lang='lat' dir='ltr'><strong>perfecta</strong></span> <span class='ocrx_word' id='word_1_191' title='bbox 1302 1431 1406 1473; x_wconf 84' lang='lat' dir='ltr'><strong>imago</strong></span> <span class='ocrx_word' id='word_1_192' title='bbox 1427 1436 1484 1464; x_wconf 85' lang='lat' dir='ltr'><strong>est.</strong></span> <span class='ocrx_word' id='word_1_193' title='bbox 1505 1431 1595 1463; x_wconf 89' lang='lat' dir='ltr'><strong>Nihil</strong></span> 
     </span>
     <span class='ocr_line' id='line_1_22' title="bbox 369 1486 1595 1534; baseline -0.007 -9"><span class='ocrx_word' id='word_1_194' title='bbox 369 1503 444 1534; x_wconf 77' lang='lat' dir='ltr'><strong>crgo</strong></span> <span class='ocrx_word' id='word_1_195' title='bbox 458 1502 568 1524; x_wconf 79' lang='lat' dir='ltr'><strong>vocem</strong></span> <span class='ocrx_word' id='word_1_196' title='bbox 582 1491 763 1531; x_wconf 75' lang='lat' dir='ltr'><strong>ingenitum</strong></span> <span class='ocrx_word' id='word_1_197' title='bbox 781 1489 956 1521; x_wconf 87' lang='lat' dir='ltr'><strong>Catholicis</strong></span> <span class='ocrx_word' id='word_1_198' title='bbox 975 1488 1116 1526; x_wconf 83' lang='lat' dir='ltr'><strong>obstare,</strong></span> <span class='ocrx_word' id='word_1_199' title='bbox 1139 1487 1194 1519; x_wconf 87' lang='lat' dir='ltr'><strong>sed</strong></span> <span class='ocrx_word' id='word_1_200' title='bbox 1218 1486 1441 1518; x_wconf 83' lang='lat' dir='ltr'><strong>haereticorum</strong></span> <span class='ocrx_word' id='word_1_201' title='bbox 1458 1486 1595 1528; x_wconf 84' lang='lat' dir='ltr'><strong>prodere</strong></span> 
     </span>
     <span class='ocr_line' id='line_1_23' title="bbox 371 1537 1592 1587; baseline -0.004 -11"><span class='ocrx_word' id='word_1_202' title='bbox 371 1543 539 1587; x_wconf 78' lang='lat' dir='ltr'><strong>perfidiam</strong></span> <span class='ocrx_word' id='word_1_203' title='bbox 556 1555 564 1581; x_wconf 93' lang='lat'><strong>·‚</strong></span> <span class='ocrx_word' id='word_1_204' title='bbox 578 1542 696 1585; x_wconf 88' lang='lat' dir='ltr'><strong>quippe</strong></span> <span class='ocrx_word' id='word_1_205' title='bbox 712 1543 764 1584; x_wconf 87' lang='lat' dir='ltr'><strong>qui</strong></span> <span class='ocrx_word' id='word_1_206' title='bbox 779 1541 854 1573; x_wconf 88' lang='lat' dir='ltr'><strong>dum</strong></span> <span class='ocrx_word' id='word_1_207' title='bbox 872 1550 979 1572; x_wconf 75' lang='lat' dir='ltr'><strong>vocem</strong></span> <span class='ocrx_word' id='word_1_208' title='bbox 996 1538 1028 1570; x_wconf 90' lang='lat' dir='ltr'><strong>in</strong></span> <span class='ocrx_word' id='word_1_209' title='bbox 1047 1538 1214 1580; x_wconf 84' lang='lat' dir='ltr'><strong>Scriptura</strong></span> <span class='ocrx_word' id='word_1_210' title='bbox 1229 1537 1370 1579; x_wconf 83' lang='lat' dir='ltr'><strong>ignotam</strong></span> <span class='ocrx_word' id='word_1_211' title='bbox 1384 1537 1592 1581; x_wconf 81' lang='lat' dir='ltr'><strong>usurpabant,</strong></span> 
     </span>
    </p>
   </div>
   <div class='ocr_carea' id='block_1_3' title="bbox 328 1592 1678 1884">
    <p class='ocr_par' dir='ltr' id='par_1_6' title="bbox 328 1592 1678 1884">
     <span class='ocr_line' id='line_1_24' title="bbox 372 1592 1678 1641; baseline -0.004 -11"><span class='ocrx_word' id='word_1_212' title='bbox 372 1597 639 1641; x_wconf 86' lang='lat' dir='ltr'><strong>omnipotentiam</strong></span> <span class='ocrx_word' id='word_1_213' title='bbox 655 1601 726 1639; x_wconf 86' lang='lat' dir='ltr'><strong>quae</strong></span> <span class='ocrx_word' id='word_1_214' title='bbox 737 1596 799 1628; x_wconf 85' lang='lat' dir='ltr'><strong>illis</strong></span> <span class='ocrx_word' id='word_1_215' title='bbox 811 1595 952 1638; x_wconf 87' lang='lat' dir='ltr'><strong>personis</strong></span> <span class='ocrx_word' id='word_1_216' title='bbox 967 1594 1011 1626; x_wconf 90' lang='lat' dir='ltr'><strong>ibi</strong></span> <span class='ocrx_word' id='word_1_217' title='bbox 1026 1593 1192 1631; x_wconf 82' lang='lat' dir='ltr'><strong>tribuitur,</strong></span> <span class='ocrx_word' id='word_1_218' title='bbox 1206 1592 1380 1634; x_wconf 83' lang='lat' dir='ltr'><strong>negabant.</strong></span> <span class='ocrx_word' id='word_1_219' title='bbox 1616 1593 1678 1631; x_wconf 60' lang='lat'><strong>[483</strong></span> 
     </span>
     <span class='ocr_line' id='line_1_25' title="bbox 330 1647 1678 1696; baseline -0.007 -11"><span class='ocrx_word' id='word_1_220' title='bbox 330 1654 557 1696; x_wconf 84' lang='lat' dir='ltr'><strong>Fragmentum</strong></span> <span class='ocrx_word' id='word_1_221' title='bbox 573 1651 822 1684; x_wconf 83' lang='lat' dir='ltr'><strong>Ambrosianum</strong></span> <span class='ocrx_word' id='word_1_222' title='bbox 839 1661 876 1683; x_wconf 88' lang='lat' dir='ltr'><strong>ex</strong></span> <span class='ocrx_word' id='word_1_223' title='bbox 894 1648 1102 1682; x_wconf 88' lang='lat' dir='ltr'><strong>Theodoreto</strong></span> <span class='ocrx_word' id='word_1_224' title='bbox 1116 1647 1334 1689; x_wconf 87' lang='lat' dir='ltr'><strong>desumptum.</strong></span> <span class='ocrx_word' id='word_1_225' title='bbox 1615 1648 1678 1690; x_wconf 69' lang='lat'><strong>487</strong></span> 
     </span>
     <span class='ocr_line' id='line_1_26' title="bbox 333 1789 1678 1831; baseline -0.004 -6"><span class='ocrx_word' id='word_1_226' title='bbox 333 1795 712 1826; x_wconf 61' lang='lat' dir='ltr'><strong>Annum-arnonas.</strong></span> <span class='ocrx_word' id='word_1_227' title='bbox 1614 1789 1678 1831; x_wconf 75' lang='grc'><strong>487</strong></span> 
     </span>
     <span class='ocr_line' id='line_1_27' title="bbox 328 1843 1678 1884; baseline -0.001 -5"><span class='ocrx_word' id='word_1_228' title='bbox 328 1848 726 1882; x_wconf 64' lang='grc' dir='ltr'><strong>(Σοκαοιυιπτιι.</strong></span> <span class='ocrx_word' id='word_1_229' title='bbox 1616 1843 1678 1884; x_wconf 71' lang='lat'><strong>495</strong></span> 
     </span>
    </p>
   </div>
   <div class='ocr_carea' id='block_1_4' title="bbox 818 2135 1181 2167">
    <p class='ocr_par' dir='ltr' id='par_1_7' title="bbox 818 2135 1181 2167">
     <span class='ocr_line' id='line_1_28' title="bbox 818 2135 1181 2167; baseline -0.008 0"><span class='ocrx_word' id='word_1_230' title='bbox 818 2136 959 2167; x_wconf 73' lang='lat' dir='ltr'><strong>Expmc</strong></span> <span class='ocrx_word' id='word_1_231' title='bbox 966 2137 978 2165; x_wconf 90' lang='lat' dir='ltr'><strong>l</strong></span> <span class='ocrx_word' id='word_1_232' title='bbox 985 2136 1008 2165; x_wconf 81' lang='lat' dir='ltr'>T</span> <span class='ocrx_word' id='word_1_233' title='bbox 1041 2135 1181 2166; x_wconf 75' lang='lat' dir='ltr'><strong>INDEX·</strong></span> 
     </span>
    </p>
   </div>
   <div class='ocr_carea' id='block_1_5' title="bbox 1756 1774 1768 3283">
    <p class='ocr_par' dir='ltr' id='par_1_8' title="bbox 1756 1774 1768 3283">
     <span class='ocr_line' id='line_1_29' title="bbox 1756 1774 1768 3283; textangle 90"><span class='ocrx_word' id='word_1_234' title='bbox 1757 2808 1768 3283; x_wconf 53' lang='grc' dir='ltr'><strong>-νσ-μ--ι--ῌ--ι</strong></span> <span class='ocrx_word' id='word_1_235' title='bbox 1756 2773 1762 2799; x_wconf 29' lang='grc' dir='ltr'><strong>Α-</strong></span> <span class='ocrx_word' id='word_1_236' title='bbox 1757 2198 1764 2762; x_wconf 38' lang='grc' dir='ltr'><strong>-ο-η--ς-μ--γ-Πυ-ὴ-</strong></span> <span class='ocrx_word' id='word_1_237' title='bbox 1757 1878 1763 2190; x_wconf 51' lang='grc' dir='ltr'><strong>...----ν--ψ-</strong></span> <span class='ocrx_word' id='word_1_238' title='bbox 1757 1774 1762 1869; x_wconf 69' lang='grc'><em>...-</em></span> 
     </span>
    </p>
   </div>
  </div>
 </body>
</html>
