1768 3283
387 281 440 310 nn
473 278 633 311 smarru
667 280 844 316 smero,
878 280 957 308 mn.
997 281 1023 309 1.
1294 268 1378 326 273

91 362 164 406 IX.
201 360 290 404 Hoc
311 374 410 418 crgo
427 359 619 418 praevidit
640 368 809 402 sanctus
828 359 1000 401 Gedeon
1019 392 1028 408 ,
1050 359 1145 415 quia
1174 374 1319 402 verum
1337 370 1379 404 et

35 432 261 491 spiritalem
288 444 426 474 rorem
454 430 579 473 etiam
613 431 800 488 gentium
825 429 1012 471 nationes
1030 438 1148 471 erant
1169 428 1265 471 fidei
1290 445 1379 487 per-

35 502 227 561 ceptione
244 501 453 549 bibitum,
477 509 519 543 et
537 501 629 543 ideo
653 500 890 558 diligentius
908 499 1159 557 exploravit;
1179 509 1241 543 est
1265 503 1379 544 enim

36 571 265 615 necessaria
286 572 448 614 cautela
471 579 724 613 sanctorum.
750 570 965 627 Siquidem
988 569 1113 612 etiam
1134 571 1252 612 Jesus
1271 571 1382 614 Nave

36 657 133 684 cum
150 642 318 683 vidisset
336 642 486 683 ducem
505 640 660 683 militiae
678 641 873 691 coelestis,
894 641 1163 698 interrogavit
1181 657 1189 683 :
1207 641 1384 685 «Noster

36 727 125 760 nes,
161 726 210 752 an
239 710 595 752 adversariorum¹
615 710 632 752 Ξ)
652 729 667 751 ι»
693 726 745 753 ne
780 711 886 752 forte
918 710 1125 767 aliquibus
1159 711 1383 754 adversarii

35 780 251 839 praestigiis
267 780 491 821 falleretur.

94 850 148 891 X.
187 848 278 891 Non
311 858 451 890 tamen
478 848 611 890 otiose
641 851 755 904 quod
786 850 918 891 vellus
947 864 1032 891 non
1065 851 1130 891 vel
1159 850 1201 891 in
1236 865 1385 908 campo

36 918 198 976 posuit,
228 919 293 960 vel
324 918 365 959 in
392 926 512 975 prato
535 932 545 960 t
569 918 642 959 sed
669 918 810 974 posuit
844 919 886 960 in
913 933 1030 966 area,
1058 919 1131 960 ubi
1153 920 1296 961 messis
1323 928 1386 961 est

40 988 166 1031 tritici
193 1003 201 1029 τ
234 1005 250 1026 ι
269 988 411 1030 Messis
445 987 558 1029 enim
587 988 746 1036 multa,
783 988 963 1044 operarii
997 997 1136 1030 autem
1166 989 1338 1046 pauci²;
1358 1008 1372 1027 n

40 1074 88 1100 eo
107 1058 219 1115 quod
248 1074 320 1114 per
354 1057 481 1100 fidem
512 1057 684 1100 Domini
713 1058 853 1100 futura
881 1068 990 1101 esset
1020 1059 1164 1102 messis
1187 1060 1383 1102 foecunda

40 1129 255 1171 virtutum.

98 1197 172 1240 XI.
211 1196 298 1240 Nec
324 1197 430 1239 illud
454 1196 588 1239 otiose
603 1197 718 1252 quod
735 1196 960 1239 exsiccavit
984 1198 1113 1239 vellus
1133 1197 1358 1240 Judaicum
1378 1233 1388 1247 ,

40 1274 81 1308 et
106 1282 245 1309 rorem
273 1266 362 1323 ejus
394 1266 507 1309 misit
535 1267 577 1308 in
600 1266 754 1323 pelvim
770 1266 803 1315 ³,
827 1276 874 1308 ut
900 1269 1134 1324 repleretur
1157 1284 1285 1325 aqua,
1309 1284 1391 1310 non

42 1345 185 1378 tamen
208 1337 294 1393 ipse
315 1351 365 1377 eo
392 1350 486 1378 rore
510 1337 637 1392 pedes
654 1336 765 1377 lavit.
795 1336 875 1378 Alii
899 1337 1133 1379 debebatur
1162 1338 1264 1380 tanti
1291 1353 1394 1394 prae·

42 1406 224 1461 rogativa
254 1405 460 1461 mysterii.
497 1405 809 1462 Expectabatur
831 1405 900 1447 ille
932 1407 1001 1462 qui
1030 1408 1173 1449 sordes
1204 1409 1394 1449 omnium

44 1476 156 1517 solus
181 1483 322 1530 posset
350 1474 535 1516 abluere.
570 1474 663 1516 Non
694 1482 783 1516 erat
816 1482 955 1516 tantus
989 1475 1186 1524 Gedeon,
1219 1477 1288 1533 qui
1314 1478 1396 1518 hoc

43 1546 118 1587 sibi
143 1545 391 1600 mysterium
411 1544 657 1586 vindicaret.
681 1544 773 1587 Non
791 1545 903 1585 enim
923 1545 1118 1594 Gedeon,
1139 1547 1211 1587 sed
1235 1567 1250 1584 ι
1267 1547 1397 1588 Filius

44 1633 58 1652 n
74 1614 253 1655 hominis
275 1614 387 1655 venit
415 1628 499 1655 non
521 1613 773 1661 ministrari,
807 1615 880 1655 sed
911 1614 1190 1657 111i11istrarc⁶.
1212 1635 1226 1653 n
1249 1617 1396 1671 Itaque

0 1686 1 1743 ζ
44 1699 352 1741 cognoscamus
379 1684 420 1725 in
451 1699 535 1741 quo
559 1684 650 1726 haec
680 1685 878 1740 mysteria
907 1684 1129 1726 videantur
1161 1701 1249 1727 esse
1279 1700 1398 1727 com-

0 1746 1 1758 *
43 1755 167 1811 pleta.
204 1756 297 1795 Non
334 1755 374 1795 iu
404 1763 550 1796 sancto
577 1754 826 1801 Hierobaal;
857 1754 995 1795 adhue
1030 1755 1143 1797 enim
1177 1765 1296 1797 erant
1328 1757 1394 1797 iliu

44 1824 262 1881 principia.
295 1825 567 1881 Ideo'gentes
595 1823 736 1871 victae,
771 1824 864 1879 quia
890 1823 1052 1866 siccitas
1081 1834 1169 1867 erat
1190 1826 1328 1868 adhuc
1355 1828 1395 1868 in

45 1894 239 1951 gentibus
267 1908 276 1935 ε
313 1895 406 1936 ideo
448 1894 576 1936 Israel
606 1893 733 1941 vicit,
769 1894 865 1950 quia
893 1909 960 1936 ros
994 1903 1095 1937 tunc
1126 1898 1323 1939 manebat
1354 1899 1395 1939 in

45 1966 209 2006 vellere.

102 2034 197 2076 XII.
236 2033 461 2076 Veniamus
486 2033 537 2074 ad
555 2032 631 2073 Dei
654 2033 938 2089 Evangelium.
968 2035 1138 2076 Invenio
1162 2037 1394 2080 Dominum

46 2104 295 2160 spoliantem
329 2118 372 2144 se
401 2103 645 2144 vestimenta
671 2135 681 2151 ,
724 2092 766 2144 et‘
800 2104 1126 2160 praecingentem
1162 2123 1204 2148 se
1242 2110 1396 2160 linteo,

0 2219 1 2235 ζ
45 2173 283 2215 mittentem
311 2187 460 2228 aquam
487 2173 528 2213 in
554 2172 705 2229 pelvim
724 2205 733 2219 ,
763 2174 969 2215 lavantem
999 2175 1125 2232 pedes
1155 2177 1395 2235 Discipulo-

0 2242 7 2283 ’.
46 2241 165 2283 rum⁵
183 2241 202 2283 Ρ
221 2243 319 2283 Haec
338 2250 428 2283 erat
453 2256 557 2297 aqua
586 2256 654 2283 ros
680 2242 746 2283 ille
771 2243 950 2284 coelestis
970 2276 980 2291 ,
1005 2245 1086 2285 hoc
1110 2246 1394 2302 prophetaba-

47 2321 116 2353 tur
136 2313 250 2368 quod
266 2312 335 2353 illo
358 2326 452 2353 rore
473 2312 630 2353 coelesti
653 2312 965 2368 Discipulorum
991 2329 1162 2356 suorum
1185 2316 1392 2358 Dominus

45 2382 168 2423 ‚lesus
183 2383 308 2439 pedes
321 2383 493 2430 lavaret,
519 2382 694 2440 Etnunc
712 2385 992 2425 extendantur
1014 2387 1139 2441 pedes
1158 2386 1397 2429 animorum

48 2461 303 2495 nostrorum.
338 2452 438 2495 Vult
461 2453 664 2494 Dominus
681 2454 799 2495 Jesus
822 2461 862 2495 et
892 2464 1056 2497 nostros
1079 2457 1217 2498 lavare
1238 2459 1391 2514 pedesz

97 2565 105 2579 ¹
132 2557 238 2588 losue.
258 2566 288 2592 v,
309 2555 356 2587 13.
376 2571 416 2580 --
434 2563 446 2578 ¹
466 2555 541 2587 Luc.
558 2566 658 2592 x.12.
674 2570 712 2580 -
730 2557 743 2579 ³
763 2556 870 2590 Judic.
888 2566 932 2595 vr,
955 2558 1007 2600 59,
1022 2558 1075 2596 4ο.
1094 2575 1133 2584 --
1163 2561 1173 2585 ⁴
1201 2558 1319 2593 Muuh.
1340 2566 1398 2598 xx,

53 2608 105 2643 28.
123 2627 162 2634 --
179 2611 192 2633 ⁵
209 2611 305 2642 Jeen.
323 2608 441 2650 x111,4,
456 2614 488 2643 et
503 2619 590 2652 seqq.

197 2677 279 2707 mx·
1199 2682 1208 2709 ι
1224 2672 1246 2709 8

11 2838 15 2947 ἓ

13 2951 16 3041 i
