1768 3283
363 324 446 377 [472
910 335 941 361 s.
983 334 1173 361 annnosn

363 414 550 456 cundum
572 414 787 455 hominem
812 413 1004 454 crederes
1030 412 1212 460 dictum
1240 419 1338 453 aetas
1359 411 1469 453 enim
1494 425 1578 454 non
1601 410 1709 453 Divi-

363 484 502 526 nitatis
516 517 525 532 ,
546 488 618 525 soc-I
632 483 903 540 corporisest.
928 483 1036 537 Ergo
1054 482 1088 522 si
1109 480 1355 538 proficiebat
1372 489 1492 523 aetate
1510 481 1706 529 hominis,

361 554 611 612 proficiebat
632 554 832 609 sapientia
852 552 1031 594 hominis
1056 568 1063 592 :
1092 551 1292 608 sapientia
1311 561 1450 592 autem
1472 566 1597 592 sensu
1619 565 1710 607 pro-

360 623 449 664 ficit
467 656 475 671 ,
494 624 589 678 quia
609 639 628 663 a
648 638 771 664 sensu
789 622 1003 679 sapientia.
1027 620 1149 663 Jesus
1168 629 1306 662 autem
1323 619 1573 676 proficiebat
1590 627 1711 661 aetate

361 700 402 733 et
420 691 632 749 sapientia.
659 692 763 743 Quis
781 707 924 733 sensus
944 689 1220 748 proficiebat?
1238 690 1279 731 Si
1303 689 1509 730 humanus
1523 722 1532 737 ‚
1555 704 1653 746 ergo
1669 699 1713 731 et

361 761 449 817 ipse
467 771 685 817 susceptus
709 771 770 803 est
799 777 808 802 ι
834 763 865 803 si
889 762 1074 809 divinus,
1100 775 1198 818 ergo
1218 759 1432 800 mutabilis
1453 774 1528 816 per
1551 758 1713 815 prosec-

359 843 461 874 tum.
494 833 618 883 Quod
641 833 752 874 enim
776 832 963 889 proficit,
989 832 1134 888 utique
1161 839 1347 872 mutatur
1375 829 1415 870 in
1441 829 1616 870 melius:
1639 829 1714 870 sed

360 905 472 959 quod
496 903 682 944 divinum
706 913 789 950 est,
808 918 891 944 non
917 910 1103 943 mutatur
1123 917 1131 940 :
1154 901 1268 956 quod
1283 915 1382 957 ergo
1400 908 1606 948 mutatur,
1628 913 1712 939 non

356 975 503 1029 utique
527 975 728 1015 divinum.
757 973 910 1015 Sensus
934 973 1059 1029 igitur
1080 971 1327 1029 proficiebat
1350 971 1588 1020 humanus3
1614 984 1709 1012 sen-

363 1059 454 1085 sum
478 1059 576 1100 ergo
598 1044 783 1100 suscepit
805 1045 1049 1084 humanum.

418 1114 614 1157 LXXIII.
637 1117 688 1157 Et
709 1124 755 1157 ut
771 1115 951 1157 sciamus
969 1114 1062 1170 quia
1084 1113 1319 1156 secundum
1337 1112 1551 1155 hominem
1569 1113 1711 1169 loque-

357 1186 482 1226 batur
498 1219 507 1232 ‚
533 1186 732 1243 praemisit
755 1201 879 1243 supra
904 1186 1044 1227 dicens
1071 1201 1111 1227 :a
1135 1186 1243 1227 Puer
1265 1186 1405 1226 autem
1429 1185 1645 1226 crescebat
1670 1192 1712 1225 et

359 1273 374 1294 n
390 1255 706 1298 confortabatur
722 1265 764 1298 et
784 1256 1038 1312 implebatur
1061 1255 1287 1312 sapientia3
1313 1264 1352 1296 et
1375 1254 1504 1312 gratia
1526 1253 1605 1295 Dei
1623 1262 1711 1295 erat

359 1342 484 1367 »cum
521 1327 613 1368 illo¹
632 1359 642 1369 .
663 1327 771 1369 »Et«
791 1328 924 1376 Puer,
948 1345 962 1365 ι)
978 1335 1129 1368 nostrae
1159 1341 1312 1368 nomen
1344 1326 1475 1368 aetatis
1513 1333 1576 1367 est
1600 1340 1609 1366 :
1633 1339 1711 1366 nec

360 1385 588 1428 confortari
612 1388 741 1429 virtus
764 1395 929 1444 poterat
948 1386 1046 1435 Dei,
1070 1401 1148 1428 nec
1172 1401 1362 1428 crescere
1377 1386 1510 1433 Deus,
1530 1399 1606 1426 nec
1625 1384 1711 1426 alti-

360 1456 462 1495 tudo
481 1455 692 1512 sapicntiae
711 1456 802 1505 Dei,
823 1471 900 1498 nec
918 1456 1136 1513 plenitudo
1153 1455 1388 1498 Divinitatis
1405 1454 1584 1511 impleri.
1607 1453 1711 1504 Quae

359 1525 485 1581 igitur
522 1526 800 1583 implebatur,
837 1535 927 1568 erat
963 1541 1047 1567 non
1079 1526 1184 1574 Dei,
1221 1527 1293 1567 sed
1317 1534 1456 1567 nostra
1489 1523 1705 1581 sapientia.

359 1595 461 1636 Nam
487 1597 700 1651 quomodo
724 1596 1004 1653 implebatur,
1029 1596 1100 1652 qui
1123 1605 1169 1638 ut
1196 1596 1337 1638 omnia
1370 1595 1590 1651 impleret,
1615 1594 1710 1636 des-

360 1665 559 1708 cendit²P

413 1734 605 1777 LXXIV.
643 1736 722 1777 Per
739 1751 864 1792 quem
887 1745 1026 1778 autem
1043 1751 1212 1779 sensum
1229 1737 1369 1777 Esaias
1390 1735 1494 1777 dixit
1514 1750 1524 1776 t
1543 1734 1708 1777 Patrem

356 1819 461 1860 puer
483 1805 695 1847 nesciebat
720 1815 791 1848 aut
813 1814 990 1847 matrem
1012 1807 1028 1847 Ξ)
1052 1806 1267 1863 Scriptum
1289 1813 1351 1847 est
1374 1805 1486 1847 enim
1514 1820 1554 1846 :u
1574 1805 1710 1846 Prius·

357 1894 371 1914 n
387 1890 512 1931 quam
536 1876 640 1919 sciat
666 1892 770 1933 puer
790 1886 953 1935 patrem
975 1886 1045 1920 aut
1066 1886 1245 1919 matrem
1262 1910 1273 1926 ,
1306 1876 1485 1933 accipiet
1509 1870 1720 1918 virtutem

357 1947 578 1988 »Damasci
610 1956 652 1989 et
679 1948 810 2005 spolia
839 1947 1077 1990 Samariae³.
1098 1948 1383 2005 »Sapientiam
1407 1947 1518 1989 enim
1541 1947 1616 1989 Dei
1641 1947 1709 1988 fu-

341 2024 448 2059 tura
471 2025 512 2058 et
529 2018 694 2059 occulta
713 2032 797 2059 non
812 2017 962 2060 fallunt
986 2033 995 2059 ε
1016 2034 1162 2076 expers
1180 2027 1320 2060 autem
1339 2017 1560 2076 agnitionis
1578 2017 1709 2058 infan-

354 2086 436 2134 tia,
477 2102 551 2143 per
585 2087 813 2129 humanam
844 2088 990 2145 utiquc
1022 2088 1381 2146 imprudentiam,
1420 2089 1536 2145 quod
1569 2085 1707 2128 adhuc

350 2171 435 2198 non
461 2157 633 2205 didicit,
656 2158 833 2214 ignorat.

405 2226 572 2269 LXXV.
612 2227 696 2270 Sed
718 2230 949 2271 verendum
973 2237 1058 2277 est,
1095 2228 1256 2285 inquis,
1290 2243 1343 2270 ne
1365 2227 1397 2269 si
1418 2227 1524 2269 duos
1546 2226 1706 2284 princi-
1742 2266 1745 2267 γ
1767 2256 1768 2261 ,

345 2297 459 2351 pales
486 2312 632 2338 sensus
655 2306 726 2339 aut
752 2299 962 2355 geminam
982 2299 1229 2356 sapientiam
1258 2298 1425 2340 Christo
1449 2297 1676 2339 tribuimus
1693 2329 1703 2344 ,

347 2365 562 2407 Christum
595 2367 842 2410 dividamus.
876 2369 1090 2424 Numquid
1114 2384 1212 2410 cum
1240 2377 1281 2410 et
1306 2367 1578 2409 Divinitatem
1614 2366 1704 2423 ejus

347 2437 568 2477 adoramus
584 2445 626 2478 ct
647 2452 816 2479 carnem
830 2470 840 2486 ‚
866 2438 1078 2480 Christum
1097 2439 1319 2481 dividimus
1336 2438 1354 2480 Ξ)
1370 2437 1587 2494 Numquid
1606 2452 1704 2478 cum
1766 2489 1768 2491 ι

346 2504 392 2544 in
417 2521 465 2546 co
500 2506 724 2563 imaginem
752 2508 854 2556 Dei,
890 2523 1146 2565 crucemque
1175 2523 1447 2556 veneramur,
1479 2506 1702 2549 dividimus

347 2590 442 2615 eun}
460 2575 476 2614 P
494 2575 718 2632 Apostolus
736 2587 867 2627 certe,
886 2579 956 2635 qui
975 2580 1026 2621 de
1040 2593 1089 2621 eo
1107 2578 1210 2621 dixit
1230 2595 1239 2619 τ
1257 2596 1273 2617 α
1290 2577 1500 2630 Quoniam
1519 2576 1594 2619 etsi
1610 2591 1700 2618 cru-

394 2672 402 2687 ¹
426 2665 503 2697 Luc.
525 2666 623 2703 usto.
642 2686 680 2691 —-
697 2675 709 2691 ¹
732 2668 847 2711 Ephes.
864 2680 909 2709 iv,
933 2680 980 2702 10.
1000 2688 1040 2695 —-
1060 2672 1071 2693 ³
1090 2671 1163 2702 lsai.
1184 2680 1259 2709 vni,
1280 2669 1313 2707 4.
