1768 3283
358 294 443 345 354
907 306 938 333 s.
978 305 1170 334 AMBRosu

410 385 638 429 LXXVIII.
677 384 792 435 Quid
808 383 935 440 igitur
954 392 993 424 te
1011 391 1156 425 movet
1173 390 1220 424 ut
1241 381 1354 424 dicas
1377 380 1476 438 quia
1495 378 1626 437 gloria
1643 386 1707 421 est

352 458 441 500 Deo
463 457 599 505 Patri,
632 456 696 497 vel
718 454 883 495 Christo
906 454 1020 509 ejus,
1053 453 1153 502 vita,
1177 453 1308 494 virtus
1327 483 1338 500 ,
1363 449 1674 508 magnificentia
1695 482 1705 498 ,

349 536 531 587 potestas
563 527 602 567 in
634 526 791 582 Spiritu
825 532 998 571 saneto,
1034 532 1076 565 et
1108 523 1212 564 nolis
1246 522 1388 564 dicere
1416 536 1514 564 cum
1544 520 1705 577 Spiritu

348 597 522 640 sancto?
550 596 613 638 An
636 593 731 650 quia
750 594 869 635 times
896 608 947 634 ne
974 600 1017 634 et
1042 593 1244 650 Spiritum
1269 607 1367 634 cum
1382 591 1508 633 Patre
1530 598 1573 632 et
1596 588 1708 631 Filio

347 669 506 710 sociare
538 664 743 708 videaris?
766 663 849 706 Sed
883 663 980 705 audi
1012 671 1052 704 et
1078 664 1129 704 de
1149 662 1309 720 Spiritu
1330 661 1536 717 seriptum
1558 674 1568 700 ι
1587 677 1602 698 α
1621 658 1708 701 Lex
1727 679 1731 682 -

351 756 366 776 »
381 737 492 778 enim
508 735 687 792 Spiritus
708 734 801 776 vitae
823 733 865 775 in
886 733 1054 775 Christo
1071 732 1211 775 Jesu¹.
1230 733 1310 774 »Et
1327 731 1423 773 alibi
1450 731 1564 772 Deus
1585 738 1708 787 pater
1754 719 1756 721 ’

355 807 457 849 dicit
482 822 490 848 :
516 806 594 847 «Et
626 805 863 847 adorabunt
900 813 962 852 te,
1000 813 1040 845 et
1067 804 1108 845 in
1141 812 1182 844 to
1216 799 1597 860 deprecabuntur2.
1619 819 1634 840 »
1659 799 1709 842 In

360 877 528 919 Christo
559 891 680 918 orare
707 890 781 918 nos
804 876 959 917 debere
980 875 1092 917 Deus
1126 874 1249 915 Pater
1283 873 1408 920 dicit,
1435 881 1478 914 et
1513 880 1557 913 tu
1588 874 1709 928 putas

359 946 533 1004 Spiritui
557 946 770 1002 derogari,
799 946 830 987 si
851 945 889 985 in
910 960 958 986 eo
982 944 1112 1001 gloria
1140 943 1293 985 Christi
1316 958 1405 984 esse
1428 940 1624 984 dicatur?

413 1017 610 1059 LXXIX.
649 1016 759 1058 Audi
804 1017 917 1071 quod
953 1016 1074 1056 times
1105 1016 1157 1056 (Ie
1191 1013 1349 1070 Spiritu
1380 1012 1594 1061 confiteri,
1627 1025 1711 1053 non

355 1088 542 1129 timuisse
565 1087 615 1127 (Ie
633 1102 675 1127 se
698 1085 775 1126 sibi
801 1085 1050 1141 Apostolum
1071 1084 1314 1131 vindicare3
1338 1083 1393 1124 ait
1416 1083 1529 1124 enim
1555 1098 1598 1122 τι
1617 1082 1712 1124 Dis-

353 1156 509 1204 „solt-i,
546 1164 588 1197 et
619 1170 718 1197 cum
752 1154 920 1196 Christo
950 1168 1040 1195 esse
1071 1154 1204 1194 multo
1238 1151 1428 1194 melius³.
1459 1151 1598 1193 »Cum
1625 1166 1709 1208 quo

353 1228 479 1285 igitur
511 1234 573 1268 est
605 1225 851 1281 Apostolus,
888 1239 985 1266 eum
1016 1238 1065 1265 eo
1095 1238 1221 1280 negas
1247 1238 1337 1264 esse
1365 1221 1570 1280 Spiritum
1591 1255 1602 1274 ,
1636 1236 1713 1279 per

354 1314 480 1355 quem
506 1297 730 1352 Apostolus
755 1295 910 1336 meruit
931 1309 1021 1336 esse
1047 1308 1146 1336 eum
1170 1293 1369 1335 Christo?

415 1366 592 1409 LXXX.
635 1366 739 1416 Quae
773 1365 900 1421 ‘igitur
925 1364 1031 1406 ratio
1053 1371 1136 1415 est,
1172 1371 1218 1404 ut
1245 1363 1286 1404 in
1314 1362 1475 1419 Spiritu
1499 1361 1619 1404 malis
1643 1361 1707 1404 di-

357 1452 480 1485 cere,
516 1451 642 1492 quam
678 1450 775 1477 cum
810 1434 969 1491 Spiritu
1002 1433 1177 1490 gloriam
1207 1433 1285 1474 Dei
1308 1448 1397 1474 esse
1431 1433 1495 1474 vel
1514 1430 1712 1494 §hu-isti?

351 1507 415 1550 An
433 1507 528 1563 quia
546 1506 579 1547 si
609 1506 720 1547 dicas
742 1505 782 1546 in
815 1504 974 1561 Spiritu
993 1537 1003 1553 ,
1026 1504 1165 1546 minor
1187 1503 1354 1545 Christo
1373 1502 1554 1560 Spiritus
1571 1503 1714 1545 decla-

351 1576 499 1620 ratur?
518 1575 720 1628 Quamvis
738 1574 817 1617 hoe
841 1574 1062 1616 refutabile
1085 1575 1161 1623 sit,
1182 1582 1229 1616 ut
1250 1574 1458 1630 majorem
1481 1572 1712 1616 Dominum

356 1649 485 1691 facias
519 1655 561 1689 et
591 1647 827 1694 minorem3
859 1655 998 1687 tamen
1036 1661 1132 1688 cum
1170 1646 1328 1687 lectum
1365 1646 1417 1686 sit
1439 1643 1600 1697 :aQuia
1634 1659 1711 1701 pro

357 1740 372 1758 ι)
389 1719 510 1761 nobis
535 1726 758 1775 peccatum
777 1716 910 1758 factus
934 1725 996 1758 est
1017 1716 1208 1758 Christus
1224 1749 1234 1764 ,
1255 1725 1302 1758 ut
1323 1731 1400 1758 nos
1417 1731 1602 1758 essemus
1625 1714 1716 1772 jus-

357 1809 373 1829 »
390 1789 476 1830 titia
498 1787 573 1829 Dei
599 1788 639 1828 in
665 1786 797 1843 ipso⁶3
820 1805 832 1824 υ
848 1786 915 1827 ille
942 1786 1154 1827 invenitur
1178 1786 1418 1843 potissimus
1435 1818 1446 1835 ,
1471 1786 1512 1826 in
1530 1800 1614 1842 quo
1642 1800 1715 1826 su-

358 1874 451 1900 mus
479 1874 552 1899 nos
580 1857 725 1899 infimi.
760 1856 829 1897 Sic
846 1864 887 1897 et
909 1856 1008 1898 alibi
1036 1857 1166 1898 habes
1193 1856 1356 1907 :«Quia
1380 1856 1520 1897 omnia
1547 1855 1589 1897 in
1624 1855 1715 1913 ipso

360 1928 664 1977 »constant⁵,»
687 1928 770 1970 hoc
805 1935 901 1975 est,
939 1927 980 1968 iu
1021 1926 1111 1983 ejus
1148 1927 1316 1969 virtute.
1359 1926 1446 1968 Nec
1480 1926 1716 1983 comparari

360 2008 536 2058 possunt
558 2000 640 2047 illi,
660 2014 752 2055 quae
776 1997 818 2038 in
842 2012 894 2039 eo
919 2005 1139 2045 constant;
1165 1997 1262 2053 quia
1298 2011 1348 2038 ex
1378 1996 1533 2038 virtute
1556 1995 1647 2053 ejus
1669 2003 1716 2038 ut

362 2079 584 2118 constent,
602 2067 878 2111 substantiam
904 2075 1237 2123 consequuntur.

418 2140 615 2183 LXXXI.
660 2138 873 2194 Numquid
904 2137 1029 2194 igitur
1059 2138 1117 2178 sie
1151 2137 1286 2179 Deum
1320 2152 1494 2194 regnare
1521 2135 1645 2178 vultis
1674 2137 1716 2178 in

364 2213 544 2270 Spiritu,
570 2219 615 2252 nt
632 2210 760 2251 virtus
778 2208 957 2265 Spiritus
983 2208 1184 2265 regnandi
1208 2208 1296 2249 Deo
1320 2207 1576 2264 principium
1597 2208 1716 2264 quasi

363 2285 454 2325 sons
483 2281 652 2339 quidam
681 2279 924 2322 substantiae
957 2278 1185 2334 largiatur?
1214 2277 1294 2319 Sed
1320 2277 1401 2318 hoe
1423 2277 1600 2333 impium
1634 2285 1709 2320 est.

367 2355 419 2397 Et
443 2354 537 2395 ideo
560 2360 605 2393 ut
631 2364 758 2391 unam
780 2349 912 2390 Patris
931 2356 972 2389 et
994 2348 1087 2389 Filii
1111 2357 1152 2390 et
1175 2347 1354 2404 Spiritus
1378 2349 1511 2390 sancti
1533 2348 1716 2404 majores

367 2425 498 2468 nostri
530 2423 718 2464 dicerent
743 2428 991 2477 potestatem
1011 2451 1020 2466 ‚
1054 2433 1150 2459 cum
1176 2418 1322 2474 spiritu
1356 2418 1531 2474 gloriam
1561 2419 1717 2461 Christi

366 2513 454 2539 esse
478 2493 792 2539 memorabant,
820 2506 900 2547 qu)
928 2490 1187 2532 individuam
1211 2491 1405 2546 copulam
1428 2490 1710 2532 declararent.

415 2607 422 2620 ¹
447 2599 538 2629 Rom.
557 2606 632 2634 vni,
652 2607 684 2626 2.
703 2613 741 2618 --
763 2594 953 2632 ¹Isa'i.x1.V‚
975 2592 1023 2630 24.
1045 2609 1083 2616 —
1104 2592 1118 2616 ³
1137 2591 1256 2634 Philip.
1276 2602 1299 2630 ι,
1318 2592 1370 2625 25.
1384 2609 1424 2616 —
1441 2592 1454 2620 4
1474 2602 1489 2623 2
1515 2590 1594 2625 Cor.
1611 2600 1643 2632 v,
1662 2601 1713 2626 21.

367 2670 406 2677 —
427 2653 438 2675 ⁵
457 2650 580 2684 coloss.
598 2659 620 2689 ι,
641 2644 690 2691 1'7.
