1768 3283
347 267 433 317 450
899 280 928 306 s·
969 281 1161 307 AMBssosu

343 358 519 414 plumbo
543 357 753 406 clauditis,
781 365 823 398 et
845 364 984 398 tamen
1017 356 1235 398 Dominica
1259 353 1463 397 beneficia
1490 364 1532 396 et
1554 355 1689 395 ossiciu

345 435 504 469 naturae
539 442 623 469 non
662 426 834 485 potestis
871 426 1127 469 excludere?
1164 425 1327 467 Auditis
1366 424 1498 473 inviti,
1541 424 1690 465 auditis

345 496 603 539 fastidientes
625 512 636 539 :
656 497 833 545 auditis,
866 512 920 538 ne
954 499 1066 552 quod
1102 512 1186 538 nou
1221 496 1456 544 audieritis,
1494 509 1690 536 excusare

346 567 523 625 possitis.

399 634 492 678 XV.
528 634 694 677 Auditis
717 648 817 691 ergo
836 648 933 675 cum
957 633 1109 691 legitur
1134 634 1233 674 :«1n
1258 633 1464 690 principio
1489 641 1577 673 erat
1594 632 1695 675 Ver-

346 704 545 746 »bum¹,»
560 704 663 755 Quis
681 704 763 746 hoc
785 703 915 745 dicit?
936 703 1118 745 <Ioannes
1144 704 1287 759 utique
1306 704 1370 744 ille
1387 704 1570 760 piscator
1591 717 1600 742 ε
1621 702 1694 742 sed

343 788 428 815 non
451 773 570 829 quasi
592 774 775 830 piscator
804 773 885 814 hoc
913 774 1038 822 dicit,
1067 774 1137 815 sed
1164 773 1281 829 quasi
1313 772 1485 814 humani
1512 772 1694 828 piscator

347 842 521 884 affectus
542 861 549 888 ι,
574 843 645 900 qui
667 843 751 899 jan»
778 858 861 884 non
886 843 1020 899 pisces
1046 851 1245 899 caperet,
1277 844 1348 883 sed
1378 842 1567 882 homines
1600 839 1694 881 vivi-

346 912 507 955 ficaret.
533 913 624 955 Non
646 928 769 954 suum
789 922 851 954 est
865 945 874 960 ,
894 913 1007 968 quod
1026 914 1127 954 dicit
1149 928 1158 953 ι
1182 914 1254 954 sed
1272 912 1362 968 ejus
1380 912 1449 967 qui
1465 910 1699 952 vivificandi

347 983 384 1025 ei
408 983 553 1024 tribuit
569 992 831 1039 potestatem.
855 983 1041 1023 Piscator
1059 984 1169 1023 enim
1190 984 1309 1040 ipsis,
1326 997 1428 1038 quos
1449 990 1543 1022 aute
1566 981 1701 1036 capie-

348 1052 447 1093 bat²
464 1083 474 1099 ,
506 1052 690 1108 piscibus
728 1052 977 1093 taciturnior
1000 1059 1114 1099 erat;
1145 1062 1187 1093 et
1210 1053 1319 1092 circa
1344 1052 1479 1092 divina
1504 1050 1700 1106 mysteria

350 1122 481 1178 magis
505 1131 645 1163 mutus
666 1154 676 1169 ,
704 1122 775 1178 qui
798 1121 910 1163 vocis
935 1136 1018 1162 suae
1039 1122 1252 1163 nesciebat
1274 1129 1487 1162 auctorem
1516 1135 1525 1160 :
1547 1121 1619 1160 sed
1642 1119 1702 1159 vi·

351 1191 541 1234 vificatus
559 1207 580 1233 a
601 1193 767 1234 Christo
788 1207 932 1234 vocem
953 1193 1108 1234 audivit
1127 1192 1168 1233 in
1185 1192 1366 1239 Joanne,
1383 1192 1563 1234 Verbum
1582 1205 1704 1247 agno·

352 1263 408 1305 vit
428 1262 469 1303 in
496 1262 677 1304 Christo.

409 1332 522 1375 XVI.
560 1333 612 1374 Et
639 1332 734 1374 ideo
760 1333 908 1389 plenus
927 1332 1087 1389 Spiritu
1110 1340 1255 1374 sancto
1277 1363 1287 1379 ‚
1317 1331 1388 1388 qui
1411 1331 1536 1372 sciret
1558 1329 1707 1387 princi·

352 1403 468 1461 pium
491 1419 576 1445 non
604 1404 804 1460 temporis
822 1419 911 1445 esse
928 1437 938 1451 ,
964 1406 1035 1445 sed
1064 1419 1187 1460 supra
1209 1412 1394 1460 tempora
1411 1435 1421 1451 ,
1448 1402 1615 1458 reliquit
1637 1417 1707 1442 sae·

352 1476 471 1523 cula,
500 1482 541 1515 et
565 1475 794 1516 ascendens
824 1475 974 1531 spiritu
1008 1490 1133 1531 super
1162 1489 1286 1515 omne
1312 1473 1586 1530 principium,
1614 1473 1669 1513 ait
1695 1487 1704 1512 ε

365 1544 441 1586 «In
464 1544 672 1602 principio
703 1552 792 1585 erat
818 1544 1052 1597 Verbun1‚„
1081 1545 1162 1586 hoc
1187 1553 1264 1593 est,
1291 1553 1504 1585 remaneat
1524 1543 1704 1590 coelum3

352 1617 544 1658 nondum
567 1616 680 1657 enim
701 1624 791 1656 erat
810 1647 820 1663 ,
845 1616 1016 1671 quande
1033 1614 1104 1656 «In
1129 1614 1335 1671 principio
1358 1622 1449 1655 erat
1471 1612 1698 1655 Verbum.»

358 1687 463 1730 Nam
486 1687 563 1728 etsi
591 1689 745 1728 coelum
769 1685 895 1727 habet
914 1686 1169 1742 principium
1187 1719 1197 1734 ,
1220 1687 1332 1727 Deus
1355 1700 1438 1727 non
1458 1685 1598 1726 hahet.
1626 1685 1710 1725 De-

358 1756 515 1813 nique«
534 1756 579 1797 In
602 1757 810 1813 principio
834 1758 934 1798 t'ecit
961 1757 1072 1797 Deus
1092 1758 1246 1797 coelum
1267 1764 1310 1797 et
1334 1765 1487 1797 terram
1507 1754 1560 1797 ³.»
1583 1754 1711 1796 Aliud

361 1835 424 1867 est
442 1857 453 1874 ‚
483 1825 629 1868 «Fecit
645 1841 654 1867 :
673 1826 813 1867 »aliud
831 1835 917 1874 est,
941 1827 1079 1867 «Erat.
1103 1845 1118 1865 n
1144 1827 1271 1877 Quod
1293 1824 1339 1867 fit
1361 1858 1370 1872 ‚
1395 1825 1541 1882 incipit
1563 1838 1572 1864 ε
1598 1824 1712 1880 quod

362 1905 452 1938 erat
476 1929 487 1945 ,
516 1895 771 1954 principium
793 1911 877 1938 non
910 1897 1088 1953 accipit,
1113 1898 1185 1938 sed
1208 1897 1421 1954 praevenit.
1452 1897 1712 1938 Remaneant

362 1966 487 2009 etiam
511 1975 702 2024 tempora
722 1999 732 2015 ‚
768 1968 863 2023 quia
894 1978 988 2024 post
1020 1969 1173 2009 coelum
1210 1977 1411 2024 tempora.
1451 1968 1713 2008 Remaueant

360 2036 488 2079 etiam
519 2037 666 2095 Angeli
690 2047 731 2079 et
753 2038 1020 2094 Archangeli.
1056 2039 1142 2080 Etsi
1175 2038 1425 2096 principium
1460 2052 1606 2080 eorum
1630 2051 1713 2078 non

363 2108 561 2157 invenio;
585 2117 674 2150 erat
698 2117 837 2150 tamen
866 2111 1034 2164 quaudo
1054 2125 1136 2150 nen
1156 2118 1288 2152 erant.
1318 2109 1410 2151 Non
1434 2117 1552 2151 erant
1575 2109 1683 2150 enim
1703 2141 1713 2156 ,

367 2178 437 2235 qui
461 2179 688 2234 aliquando
710 2188 944 2235 coeperunt.
972 2178 1014 2220 Si
1037 2195 1135 2236 ergo
1160 2180 1413 2237 principium
1437 2194 1584 2221 eorum
1606 2179 1714 2220 inve-

369 2250 459 2291 nire
483 2265 566 2290 non
592 2265 760 2306 possum
781 2282 791 2297 ‚
818 2265 922 2305 quos
953 2261 1116 2292 certum
1145 2260 1206 2292 est
1239 2252 1397 2293 habere
1428 2251 1679 2308 principium
1702 2267 1712 2299 ς

369 2319 581 2376 quomodo
610 2334 779 2375 possum
806 2318 932 2361 Verbi
953 2320 1137 2361 invenire
1160 2321 1434 2377 principium,
1455 2337 1474 2362 a
1493 2336 1574 2377 quo
1592 2336 1717 2363 omne

370 2389 625 2446 principium
652 2404 736 2429 non
760 2390 894 2430 solum
915 2399 1202 2430 creaturarum
1229 2424 1239 2439 ‚
1264 2391 1336 2432 sed
1357 2393 1481 2433 etiam
1505 2391 1718 2449 cogitatio-

369 2476 469 2502 num
494 2468 730 2501 nostrarum
755 2463 945 2500 omnium
970 2461 1248 2516 praevenitur?

424 2530 559 2574 XVII.
596 2530 751 2587 Aperte
775 2531 913 2588 itaque
932 2532 1228 2589 sempiternam
1246 2533 1514 2576 Divinitatem
1535 2533 1625 2592 ejus
1646 2548 1717 2575 ex-

408 2632 416 2647 1
437 2623 570 2659 Joan.1,
589 2633 673 2656 ι.-
691 2634 702 2647 ²
724 2625 800 2656 Luc.
821 2635 851 2662 v,
875 2635 977 2656 10.—
1001 2628 1012 2647 ³
1031 2626 1113 2658 Gen.
1133 2638 1154 2661 ι,
1177 2638 1210 2658 x.
