1768 3283
401 299 452 325 ns
484 301 643 327 smm'ru
676 300 853 335 smero,
888 304 966 330 Lm.
1007 304 1050 330 ιι.
1317 291 1401 351 375

59 403 74 425 n
89 400 203 428 num.
230 386 329 428 Haec
349 395 484 428 autem
507 386 644 427 omnia
668 394 865 441 operatur
885 401 993 427 unus
1016 394 1138 441 atque
1170 385 1282 428 idem
1305 386 1402 444 Spi-

60 456 190 497 »ritus
211 488 219 502 ‚
252 456 438 498 dividens
466 457 636 509 singulis
653 464 776 512 prout
795 456 950 496 vnlffl.»

118 525 361 568 CXXXIX.
395 527 484 568 Non
501 535 563 568 est
582 541 681 582 ergo
705 527 896 573 dubium,
912 526 1009 581 quin
1029 542 1077 567 ea
1100 542 1191 582 quae
1208 534 1407 583 operatur

58 596 193 643 Pater,
221 605 418 650 operetur
445 605 485 637 et
507 596 697 652 Spiritus.
732 596 818 638 Nec
841 612 890 638 ex
912 605 1125 653 praecepto
1144 630 1154 644 ,
1192 598 1302 638 sieut
1329 597 1403 654 qui

60 665 333 721 corporaliter
361 666 502 713 audit,
538 674 736 721 operatur
763 681 771 707 :
806 667 878 707 sod
901 681 951 707 ex
974 668 1188 708 voluntate
1205 699 1214 713 ,
1247 666 1317 722 qui
1341 665 1404 708 sui

58 743 120 776 est
142 735 249 777 liber
267 737 450 783 arbitrii,
470 752 553 777 non
574 736 716 781 alienae
736 736 915 777 famulus
935 737 1166 792 potestatis.
1185 736 1276 779 Non
1295 737 1408 785 enim

59 806 175 863 quasi
200 806 336 861 jussus
360 807 650 863 obtemperat,
676 808 747 848 sed
771 807 887 862 quasi
910 807 1083 862 largitor
1104 822 1187 848 suae
1211 808 1411 853 modera-

58 879 126 917 tor
146 884 207 917 est
223 876 435 930 largitatis.

117 945 240 989 CXL.
282 946 386 988 Vide
419 961 532 987 nune
564 946 730 992 interim
759 955 901 989 utrum
933 948 1073 989 omnia
1104 949 1271 1006 operari¹
1300 949 1412 992 dicas

59 1017 259 1072 Spiritum
274 1049 285 1064 ,
310 1033 401 1072 quae
420 1025 618 1072 operatur
635 1026 675 1059 et
689 1018 834 1064 Pater:
860 1033 1012 1070 negare
1032 1027 1170 1061 tamen
1190 1035 1274 1069 non
1292 1028 1412 1078 potes

60 1088 156 1144 quia
176 1097 376 1143 operatur
396 1088 536 1137 Pater,
555 1103 646 1144 quae
671 1097 871 1144 operatur
893 1088 1074 1146 Spiritus
1091 1099 1260 1132 sanctus
1286 1105 1296 1132 :
1319 1091 1415 1134 alio-

0 1207 1 1215 *
61 1159 160 1214 quin
183 1174 266 1200 non
288 1160 426 1200 omnia
453 1168 653 1215 operatur
674 1160 819 1206 Pater,
846 1160 877 1200 si
907 1175 989 1200 non
1020 1169 1220 1215 operatur
1247 1176 1292 1203 ea
1317 1176 1409 1217 quae

0 1217 1 1261 Ῐ
61 1237 261 1285 operatur
279 1238 319 1270 et
346 1229 538 1285 Spiritus,
577 1229 701 1280 Quod
735 1230 767 1271 si
791 1244 836 1270 ea
867 1245 958 1285 quae
981 1237 1180 1286 operatur
1197 1230 1378 1286 Spiritus
1399 1263 1411 1279 ‚

61 1307 258 1355 operatur
280 1308 320 1339 et
336 1299 480 1344 Pater:
507 1314 602 1340 cum
631 1299 808 1355 Spiritus
835 1299 1098 1355 operationes
1126 1315 1220 1341 suas
1242 1314 1317 1357 pro
1338 1315 1412 1343 vo-

60 1370 220 1410 luntate
249 1385 319 1410 sua
345 1369 524 1418 dividat,
552 1385 722 1411 necesse
748 1377 809 1411 est
830 1370 872 1411 id
898 1370 1012 1426 quod
1030 1369 1178 1411 dividit
1202 1369 1380 1425 Spiritus
1400 1400 1412 1418 ,

63 1448 132 1481 aut
152 1440 281 1481 invito
299 1440 421 1481 Patre
442 1441 546 1488 Deo,
569 1441 683 1481 dicas
700 1455 794 1481 eum
817 1456 866 1485 ex
890 1456 961 1481 sua
982 1441 1198 1481 voluntate
1211 1439 1412 1488 dividere:

63 1519 133 1552 aut
150 1511 181 1551 si
206 1511 315 1551 idem
340 1511 444 1552 veile
466 1511 616 1552 dixeris
628 1511 792 1552 Patrem
807 1543 817 1557 ‚
838 1511 953 1564 quod
974 1511 1063 1551 vult
1089 1500 1271 1566 Spiritus
1291 1524 1409 1554 sanc-

64 1589 152 1628 tus3
186 1596 357 1623 necesse
393 1589 453 1621 est
494 1590 538 1622 ut
568 1580 771 1622 unitatem
810 1580 1037 1622 voluntatis
1071 1579 1410 1636 operationisque

63 1650 210 1691 divinre
227 1652 291 1691 vel
315 1651 465 1692 invitus
480 1685 489 1699 ‚
509 1659 550 1692 et
573 1651 604 1692 si
631 1667 715 1694 non
739 1651 868 1692 corde
883 1684 892 1697 ‚
923 1652 1070 1691 saltem
1095 1665 1167 1691 ore
1189 1640 1368 1691 fatearis.

122 1720 264 1763 CXLI.
304 1721 428 1770 Quod
458 1722 489 1762 si
522 1722 646 1762 unius
668 1730 710 1763 et
738 1720 963 1762 voluntatis
981 1728 1023 1761 et
1058 1718 1314 1776 operationis
1351 1726 1413 1760 est

63 1806 159 1832 cum
177 1791 298 1833 Patre
314 1791 403 1834 Deo
427 1791 606 1848 Spiritus
627 1799 820 1838 sanctuS,
854 1790 978 1831 unius
1010 1789 1134 1831 etiam
1169 1788 1413 1831 substantiae

63 1869 155 1908 est;
181 1862 377 1917 quoniam
396 1877 445 1903 ex
465 1862 667 1916 operibus
690 1860 774 1901 suis
794 1867 961 1903 creator
979 1858 1233 1914 agnoscitur.
1263 1874 1277 1896 α
1296 1858 1413 1899 Idem

63 1929 218 1987 »igitur
234 1930 412 1987 Spiritus
433 1965 441 1979 ‚
476 1932 585 1973 idem
610 1964 620 1978 ‚
642 1930 804 1987 inquit,
828 1928 1032 1971 Dominus
1048 1960 1058 1976 ,
1087 1928 1197 1969 idem
1212 1959 1223 1975 ,
1255 1925 1412 1983 inquit,

64 1998 265 2041 »Deus².»
280 2000 332 2042 Et
358 2000 390 2041 si
413 2000 616 2056 Spiritum
640 2000 753 2042 dicas
774 2032 784 2047 ,
811 1999 922 2040 idem
946 2006 1037 2039 est:
1062 2005 1104 2038 et
1127 1997 1159 2038 si
1181 1996 1413 2038 Dominum

64 2069 177 2111 dicas
196 2102 206 2116 ,
233 2069 342 2111 idem
366 2079 427 2111 est
455 2085 463 2111 :
490 2079 530 2111 et
556 2070 587 2110 si
615 2071 751 2111 Deum
779 2069 912 2115 dicas,
949 2067 1058 2108 idem
1083 2075 1157 2108 est.
1185 2065 1277 2107 Non
1301 2064 1413 2106 iHem

65 2145 111 2183 ut
131 2138 219 2194 ipse
238 2139 377 2183 Pater.
400 2140 486 2197 ipse
503 2140 632 2182 Filius
650 2173 659 2186 ‚
679 2139 764 2196 ipse
785 2135 1024 2194 sitSpiritus
1048 2150 1056 2174 ε
1079 2135 1150 2176 secl
1165 2133 1260 2196 quia
1278 2140 1319 2174 et
1335 2134 1413 2175 Pa-

64 2214 128 2249 ter
148 2215 190 2248 et
204 2207 334 2250 Filius
351 2209 539 2263 ejusdem
563 2216 626 2250 est
642 2207 871 2265 potestatis.
894 2207 1008 2246 Idem
1029 2220 1126 2259 ergo
1145 2212 1205 2245 est
1224 2219 1298 2260 per
1314 2203 1416 2244 sub-

64 2277 257 2322 stantiam
287 2287 409 2335 atque
432 2279 656 2325 virtutem;
687 2277 782 2333 quia
813 2291 896 2316 non
925 2281 986 2314 est
1016 2274 1056 2314 in
1095 2273 1322 2319 Divinitate
1347 2274 1412 2314 vel

66 2343 299 2386 sabelliana
317 2346 521 2394 confusio,
549 2346 611 2386 vel
627 2345 800 2386 Arriana
822 2343 1032 2390 discretio,
1060 2343 1121 2383 vel
1146 2350 1310 2383 terrena
1328 2356 1416 2383 cor·

65 2414 301 2471 poralisque
323 2416 512 2457 mutatio,

112 2513 120 2526 ¹
146 2514 157 2534 1
174 2504 252 2535 Cor.
276 2516 334 2542 xiv,
352 2506 385 2542 S,
400 2512 429 2537 et
447 2518 537 2550 seqq.
566 2524 601 2529 —
619 2515 630 2528 ¹
656 2507 740 2538 lbid.
763 2508 793 2536 5.
