1806 3256
377 297 381 302 i
422 274 473 315 92
967 275 995 300 s.
1040 272 1227 300 AMmmslt

418 351 552 393 debeo
570 350 679 393 bello
698 351 919 401 intentum,
939 361 981 394 et
999 351 1183 394 victricia
1202 352 1254 393 de
1271 349 1462 392 barbaris
1479 340 1663 409 trophaea
1682 367 1769 394 me·
1794 351 1796 401 ζ

420 420 636 463 (litantem.
664 421 922 478 progredere
943 423 1064 479 plane
1082 429 1203 463 scuto
1222 419 1316 462 fidei
1336 430 1502 478 septus,
1525 430 1568 464 et
1583 422 1768 478 gladium
1794 412 1798 471 Ι

419 489 589 546 spiritus
624 489 784 531 liabens
817 505 826 531 ι
860 491 1114 548 progredere
1145 491 1197 532 ad
1227 490 1448 532 victoriam
1483 491 1798 557 superioribus}

421 558 669 615 promissam
697 559 957 613 temporibus
974 593 984 608 ,
1009 568 1050 601 et
1079 559 1228 601 divinis
1254 559 1433 601 oraculis
1457 559 1764 618 prophetatam.
1794 560 1799 601 ἶ

482 626 736 669 CXXXVII.
775 627 965 684 Namque
977 637 1018 670 et
1034 628 1216 670 suturam
1234 629 1362 670 nostri
1383 630 1767 687 depopulationem,
1795 635 1799 668 ἐ

421 705 462 737 et
480 695 588 737 bella
606 695 844 738 Gothorum
864 698 1060 739 Ezechiel
1077 698 1149 738 illo
1165 696 1251 753 jam
1270 704 1460 754 tempore
1479 699 1768 755 prophetavit:

421 764 481 806 sic
511 764 622 805 enim
658 765 786 807 habes
808 783 816 806 :
836 767 1084 823 “Propterea
1112 766 1354 823 prophetiza
1371 799 1381 814 ,
1413 765 1469 808 fili
1494 767 1672 808 hominis
1690 800 1700 816 ,
1727 776 1770 809 et
1796 757 1800 810 i

421 852 435 873 n
452 834 519 875 dic
540 849 550 876 :
568 834 632 877 «O
650 834 740 892 Gog
756 868 765 883 ,
792 835 878 877 haee
898 836 998 878 dicit
1016 836 1220 878 Dominus
1242 850 1251 876 :
1272 835 1418 878 Nonne
1440 836 1480 876 in
1500 836 1565 877 die
1586 836 1654 877 illa
1671 850 1770 878 cnm
1795 828 1800 887 Ι

416 924 431 943 »
448 905 730 947 constituetur
748 906 936 948 habitare
961 909 1142 964 populus
1170 921 1288 947 meus
1316 907 1443 948 Israel
1466 905 1506 947 in
1534 920 1663 964 pace,
1683 921 1771 948 sur·
1796 915 1801 962 Ι

421 990 520 1032 »ges
541 983 581 1016 et
599 976 739 1017 venies
764 978 925 1018 deloco
949 984 1044 1025 tuo,
1071 977 1121 1018 ab
1145 984 1333 1017 extremo
1357 975 1593 1031 Aquilone:
1614 984 1655 1018 et
1677 990 1774 1032 gen·

423 1064 438 1084 n
453 1055 512 1088 tes
535 1055 676 1088 tecum
699 1049 856 1095 multae,
878 1062 1058 1089 sessores
1080 1061 1288 1104 equorum
1308 1061 1478 1095 omnes,
1504 1047 1773 1104 congregatio
1797 1047 1800 1098 ξ

423 1118 581 1159 nmulta
606 1126 646 1159 et
669 1133 816 1175 magna
834 1150 844 1166 ,
864 1127 906 1160 et
927 1119 1058 1160 virtus
1078 1118 1269 1174 copiosa3
1295 1125 1336 1159 et
1363 1118 1541 1160 ascende
1565 1119 1616 1160 ad
1638 1133 1774 1176 popu·
1796 1113 1801 1162 Ι

422 1206 437 1226 n
452 1189 539 1230 lum
562 1203 703 1230 meum
721 1189 847 1231 lsrael
863 1221 873 1237 ,
897 1197 942 1231 ut
963 1189 1097 1231 nubes
1117 1188 1281 1246 operire
1299 1196 1452 1231 terram
1478 1189 1517 1230 in
1540 1187 1773 1231 novissimis
1796 1185 1801 1240 Ι

423 1275 438 1296 u
454 1257 601 1299 diebus
620 1291 630 1306 ‚
655 1258 764 1301 ete¹.
782 1278 794 1297 n
1796 1248 1800 1293 Ι

476 1328 753 1372 CXXXVIII.
792 1330 883 1388 Gog
916 1330 990 1372 iste
1014 1330 1178 1372 Gothus
1209 1339 1299 1378 est,
1326 1345 1453 1386 quem
1476 1330 1563 1386 jam
1585 1329 1774 1372 videmus
1797 1297 1801 1407 Ι

420 1399 577 1447 exisse,
600 1399 652 1441 de
674 1414 756 1456 quo
785 1399 1046 1456 promittitur
1070 1399 1191 1441 nobis
1215 1399 1356 1441 futura
1385 1399 1558 1442 victoria
1576 1431 1585 1446 ‚
1609 1398 1774 1442 dicente
1796 1409 1806 1470 Ι

421 1469 605 1512 Domino
626 1485 667 1512 z«
683 1470 733 1512 Et
756 1471 1113 1528 depraedabuntur
1131 1486 1201 1513 eos
1216 1503 1226 1520 ,
1253 1471 1322 1527 qui
1347 1470 1576 1528 depraedati
1598 1485 1669 1512 eos
1693 1469 1776 1512 sue·
1797 1472 1801 1534 Ι

422 1549 570 1589 urant,
600 1549 641 1583 et
670 1541 962 1598 despoliabunt
994 1556 1087 1588 eos,
1121 1541 1192 1597 qni
1224 1540 1301 1582 sibi
1330 1540 1460 1598 spolia
1485 1539 1772 1588 detraxerant,
1797 1536 1801 1584 Ι

421 1610 552 1652 »dicit
576 1610 793 1652 Dominus.
826 1610 998 1667 Eritque
1019 1611 1059 1652 in
1078 1611 1144 1652 die
1168 1610 1256 1658 illa,
1284 1610 1393 1652 dabo
1416 1610 1530 1667 Gog.
1548 1628 1562 1648 n
1583 1609 1662 1651 hoc
1686 1618 1771 1656 est.

424 1679 592 1728 Gothis,
609 1680 777 1722 «locum
804 1681 1066 1722 nominatum
1083 1712 1093 1728 ‚
1117 1688 1442 1722 monumentum
1460 1680 1589 1722 lsrael
1614 1680 1775 1721 multo·
1798 1729 1801 1733 Δ

422 1769 436 1788 n
452 1766 545 1792 rum
572 1750 756 1792 virorum
786 1759 1034 1808 congestum
1052 1783 1061 1798 ,
1095 1750 1165 1807 qui
1196 1758 1531 1807 supervenerunt
1551 1749 1603 1791 ad
1624 1763 1738 1791 mare
1761 1763 1772 1789 ε
1797 1736 1802 1796 Ι

425 1842 440 1860 »
456 1829 495 1863 et
512 1837 588 1879 per
615 1821 842 1863 circuitum
865 1830 999 1864 struet
1020 1836 1064 1863 os
1098 1821 1240 1866 vallis,
1270 1829 1310 1862 et
1340 1820 1491 1861 obruet
1513 1819 1595 1861 illie
1618 1818 1710 1876 Gog
1734 1826 1776 1860 ct
1797 1814 1802 1881 Ι

421 1898 580 1933 »totam
601 1891 916 1933 multitudinem
943 1892 1034 1948 ejus
1052 1925 1061 1940 ‚
1087 1899 1129 1933 et
1152 1890 1371 1933 vocabitur
1397 1890 1459 1932 Ge
1476 1889 1774 1946 polyandrium
1797 1891 1802 1943 Ι

424 1981 438 2000 10
454 1963 568 2017 Gog;
596 1971 637 2004 et
658 1963 809 2004 obruet
833 1978 904 2004 eos
928 1964 1084 2004 domus
1106 1963 1231 2004 Israel
1249 1994 1260 2010 ,
1289 1970 1333 2004 ut
1352 1969 1554 2018 purgetur
1576 1959 1729 2002 terra².
1750 1978 1764 1998 »
1797 1949 1802 2018 Ι

478 2033 717 2076 CXXXIX.
757 2033 842 2076 Nec
875 2033 1143 2090 ambiguum,
1179 2041 1323 2074 sancte
1356 2032 1628 2089 Imperator,
1663 2029 1802 2093 qnod{

421 2103 491 2161 qui
514 2103 697 2161 perfidiae
716 2104 858 2146 alienae
881 2120 1061 2161 pugnam
1086 2104 1327 2160 excepimus
1342 2135 1351 2151 ,
1374 2102 1470 2144 fidei
1495 2101 1714 2144 catholicae
1733 2101 1775 2143 in
1798 2099 1802 2129 f>

423 2182 462 2215 te
486 2172 657 2229 vigentis
674 2172 857 2214 habituri
875 2173 1003 2214 simus
1026 2172 1238 2214 auxilinm.
1263 2172 1442 2213 Evidens
1460 2172 1572 2212 enim
1597 2170 1774 2212 antehac
1798 2167 1801 2238 Ι

425 2242 573 2284 divinae
596 2242 892 2299 indignationis
915 2257 1038 2284 causa
1063 2242 1299 2299 praecessit3
1321 2250 1366 2283 ut
1390 2241 1444 2282 ibi
1467 2241 1651 2298 primum
1671 2238 1774 2281 fides
1798 2240 1802 2296 Ι

423 2311 614 2355 Romano
637 2312 814 2369 imperio
842 2312 1127 2369 frangeretur,
1155 2312 1226 2353 ubi
1255 2310 1384 2353 fracta
1408 2320 1469 2352 est
1491 2310 1593 2352 Deo.
1798 2299 1801 2352 Ι

485 2381 609 2423 CXL.
648 2381 738 2424 Non
762 2382 866 2424 libet
896 2382 1185 2424 consessorum
1213 2395 1363 2430 neces,
1387 2387 1621 2427 tormenta,
1653 2376 1774 2420 exilia
1798 2387 1801 2437 ᾗ

425 2453 641 2494 recordari
656 2485 666 2501 ,
688 2453 853 2510 piorum
879 2453 1110 2495 sacerdotia
1133 2452 1396 2509 proditorum
1415 2465 1603 2498 munera.
1627 2449 1775 2492 Nonne

425 2522 476 2564 de
507 2522 696 2565 Thraciae
726 2523 912 2580 partibus
944 2538 1019 2581 per
1048 2522 1271 2580 Ripensem
1305 2520 1476 2564 Daciam
1507 2529 1549 2563 et
1571 2518 1771 2576 Mysiam,
1798 2510 1800 2524 ¹

1798 2592 1800 2613 Ι

470 2616 475 2632 ’
498 2613 598 2644 Επεὶ]
624 2624 764 2649 ιικντυ.
784 2615 819 2650 14
837 2620 968 2658 etseqq.
989 2633 1025 2640 -
1040 2622 1053 2637 ·
1078 2613 1127 2647 ld.
1151 2624 1263 2654 xxxix,
1289 2623 1322 2643 io
1345 2618 1374 2645 et
1394 2623 1482 2655 seqq.
1797 2646 1800 2664 Ι
