1806 3256
538 274 588 300 ne
623 274 733 307 rme,
770 274 847 301 Lm.
890 274 943 301 iv.
1343 263 1415 302 181

64 369 78 390 »
93 350 178 393 rius
200 348 290 406 ejus
312 348 424 391 fuit?
446 357 518 391 aut
533 345 623 406 quis
640 350 754 406 prior
771 351 887 393 dedit
910 351 966 392 illi
985 383 994 399 ,
1013 359 1054 393 et
1076 351 1336 394 retribuetur
1351 353 1419 394 ei?

66 440 81 460 a
96 421 305 472 Quoniam
338 435 389 461 ex
408 419 521 477 ipso,
547 427 587 462 et
608 435 682 476 per
703 421 863 477 ipsum,
894 429 934 462 et
957 421 998 462 in
1023 421 1112 478 ipso
1133 430 1230 462 sunt
1253 423 1393 463 omnia
1410 454 1420 469 ,

65 491 169 547 »ipsi
191 491 318 547 gloria
345 491 385 531 in
404 492 553 532 scecula
569 491 597 532 ¹.
627 510 641 529 »

125 560 283 602 CXLV.
322 561 383 602 De
406 575 487 616 quo
512 561 637 617 igitur
659 560 818 602 dictum
844 570 1018 617 putant,
1045 563 1094 603 de
1122 563 1242 603 Patre
1261 594 1271 611 ‚
1296 576 1348 603 an
1373 563 1424 603 de

67 630 201 672 Filio?
224 629 265 670 Si
296 630 346 671 de
366 631 515 672 Patre:
542 633 615 673 sed
639 646 721 673 non
746 640 808 672 est
839 631 1039 687 sapientia
1064 632 1138 673 Dei
1160 633 1305 679 Pater-3
1329 632 1427 687 quia

68 699 279 756 Sapientia
300 700 376 742 Dei
399 700 528 742 Filius
550 709 626 743 est.
654 701 768 752 Quid
794 710 857 743 est
882 709 1021 743 autem
1051 702 1164 757 quod
1187 717 1271 742 non
1299 701 1429 757 possit

68 768 292 826 Sapientia,
316 771 366 811 de
388 785 469 826 qua
490 770 695 827 scriptum
716 779 779 812 est
802 785 844 812 t«
860 773 966 813 Cum
987 771 1038 812 sit
1057 786 1139 812 una
1161 771 1427 827 omnipotens

69 847 140 881 »et
160 854 434 896 permanens,
465 839 505 880 in
542 855 584 880 se
615 840 753 881 omnia
784 840 1015 882 innovat²i³
1040 840 1158 883 »Non
1184 856 1282 897 ergo
1317 855 1433 882 acee-

71 910 239 951 dentem
263 909 459 966 legimns,
482 910 554 951 sed
573 919 908 967 permanentem.
936 910 1074 953 Habes
1092 926 1190 967 ergo
1213 911 1327 966 juxta
1351 910 1429 952 Sa-

70 982 281 1023 lomonem
298 1013 308 1028 ,
343 981 674 1037 omnipotentem
713 990 754 1023 et
794 990 1113 1038 permanentem
1149 981 1424 1038 Sapientiam.

72 1052 209 1093 Habes
233 1052 358 1093 etiam
382 1052 534 1092 bonam
555 1084 564 1098 ‚
589 1052 684 1108 quia
704 1052 988 1108 scriptumest
1009 1068 1017 1093 :
1036 1070 1048 1089 «
1069 1051 1328 1109 Sapientiam
1359 1066 1434 1092 au-

73 1130 186 1163 »tem
212 1137 295 1162 non
318 1121 447 1163 vineit
465 1122 620 1163 malitia
636 1121 663 1163 ³.
694 1141 709 1160 »

135 1191 315 1234 CXLVI.
355 1192 437 1232 Sed
475 1193 524 1233 ad
556 1193 817 1248 propositum
852 1201 1126 1234 revertamur.
1157 1210 1172 1229 «
1199 1193 1336 1243 Quam
1363 1193 1429 1233 in-

76 1262 344 1304 »scrntabilia
386 1269 503 1309 sunt,
536 1262 694 1317 inquit,
724 1261 882 1317 judicia
907 1262 1024 1318 ejus!
1051 1281 1064 1300 n
1088 1263 1128 1304 Si
1155 1263 1281 1319 igitur
1304 1279 1430 1304 omne

76 1332 280 1388 judicium
297 1333 418 1374 Pater
437 1332 550 1373 dedit
564 1332 686 1373 Fili&
697 1364 708 1380 ,
722 1332 876 1374 Filium
888 1333 1007 1374 Pater
1018 1333 1184 1374 videtur
1198 1334 1430 1380 declarare,

78 1403 148 1459 qui
172 1403 346 1458 judicat.

138 1472 337 1514 CXLVII.
379 1472 566 1528 Denique
599 1479 644 1513 ut
670 1472 776 1514 scias
800 1473 896 1528 qnia
925 1487 1007 1513 non
1036 1474 1086 1514 de
1118 1473 1263 1520 Patre,
1290 1473 1362 1514 sed
1386 1474 1436 1514 de

81 1543 185 1584 Filio
209 1543 335 1590 dicit,
360 1543 519 1584 addidit
539 1560 547 1581 :
567 1560 580 1580 ιι
599 1543 701 1593 Quis
723 1543 855 1599 prior,
882 1543 1041 1598 inquit,
1067 1543 1182 1584 dedit
1201 1542 1289 1583 illi?
1309 1560 1322 1580 n
1347 1543 1434 1583 De—

82 1615 143 1656 dit
178 1614 288 1655 enim
326 1615 448 1656 Pater
479 1613 586 1654 Filio
614 1628 622 1654 :
647 1613 721 1655 sed
756 1614 870 1655 dedit
904 1614 998 1669 jure
1019 1613 1325 1670 generationis,
1354 1628 1437 1654 non

83 1699 259 1726 munere
286 1684 499 1740 largitatis.
524 1684 571 1724 Et
594 1683 686 1724 ideo
715 1683 810 1739 quia
834 1683 976 1739 negari
1004 1698 1087 1723 non
1112 1691 1248 1738 potest
1270 1698 1289 1722 a
1313 1683 1437 1723 Patre

87 1755 294 1812 accepisse
319 1756 472 1795 Filium
488 1789 496 1802 ‚
522 1752 755 1795 secundnm
778 1755 892 1810 qnod
918 1754 1122 1810 scriptum
1146 1762 1206 1794 est
1228 1768 1236 1793 :
1256 1772 1269 1790 «
1289 1753 1442 1794 Omnia

87 1825 216 1866 »mihi
236 1825 387 1866 tradita
412 1833 508 1866 sunt
530 1840 551 1865 a
572 1825 694 1865 Patre
715 1824 830 1866 meo⁵
853 1841 862 1871 ;
885 1843 899 1863 »
916 1824 1095 1865 dicendo
1121 1824 1440 1874 tame1]:«Q11is

88 1895 231 1951 »prior
254 1895 368 1936 dedit
391 1894 509 1935 iiliP»
526 1909 608 1934 non
635 1895 845 1950 accepisse
871 1910 944 1951 per
960 1903 1153 1935 naturam
1179 1909 1199 1933 a
1221 1894 1341 1934 Patre
1370 1893 1444 1934 Fi-

88 1964 191 2005 lium
218 1964 459 2020 denegavit,
485 1963 555 2004 sed
574 1963 756 2020 priorem
783 1979 865 2005 non
895 1979 1014 2020 posse
1038 1963 1121 2005 dici
1149 1963 1255 2003 inter
1277 1963 1444 2003 Patrem

90 2042 130 2076 et
152 2035 306 2075 Filium
331 2033 582 2081 declaravit3
607 2033 702 2088 quia
727 2034 802 2074 etsi
830 2035 952 2075 Pater
980 2033 1095 2075 dedit
1122 2032 1245 2079 Filio,
1272 2047 1354 2072 non
1387 2040 1443 2072 ta-

91 2119 187 2146 men
212 2104 326 2160 qnasi
344 2102 563 2160 posteriori
579 2102 694 2144 dedit
719 2117 727 2143 :
751 2104 845 2159 quia
866 2104 1050 2145 increata
1079 2111 1120 2143 et
1146 2101 1446 2143 inaestimabilis

91 2174 291 2221 Trinitas,
319 2189 410 2229 qnae
431 2173 552 2215 unius
575 2181 636 2213 est
657 2173 900 2215 :eternitatis
929 2182 969 2215 et
987 2173 1127 2230 gloria*
1143 2205 1152 2220 ,
1179 2187 1256 2213 nee
1281 2182 1447 2228 tempus

93 2260 173 2286 nee
192 2245 368 2301 gradum
392 2245 453 2285 vel
472 2243 713 2299 posterioris
732 2244 880 2300 recipit
900 2245 959 2284 vel
982 2242 1148 2300 prioris·

153 2315 371 2359 CXLVIII.
412 2315 538 2365 Quod
568 2314 600 2355 si
640 2314 808 2356 Graecos
839 2315 969 2371 inagis
1007 2314 1174 2355 codices
1215 2315 1450 2369 sequendos

96 2394 292 2442 putamus
310 2417 320 2432 ,
357 2386 426 2440 qui
467 2386 621 2427 habent
656 2390 712 2430 τίς
736 2388 941 2437 προσέδωκεν
963 2389 1088 2430 abram
1115 2384 1228 2424 vidos
1250 2383 1450 2438 qnoniam

99 2455 167 2496 eui
184 2455 287 2496 nihil
305 2454 400 2496 addi
423 2463 580 2510 potest,
607 2470 691 2496 non
716 2454 854 2510 dispar
873 2469 891 2493 a
916 2455 1038 2509 pleno
1055 2461 1128 2494 est.
1161 2453 1266 2509 Ergo
1292 2453 1324 2493 si
1347 2453 1454 2493 Filio

148 2566 156 2580 ¹
180 2557 270 2588 Itoni,
296 2568 340 2593 xi,
363 2557 477 2589 53-56.
507 2576 545 2581 --
570 2568 581 2581 ²
605 2558 681 2600 Sap.
698 2568 757 2595 νυ,
774 2568 878 2598 27.—
900 2556 912 2578 3
936 2554 1019 2586 ibid.
1037 2556 1086 2587 50.
1105 2573 1137 2578 —-
1163 2555 1287 2586 ‘joam
1303 2564 1332 2593 ν,
1352 2565 1402 2586 22.
1420 2571 1458 2577 —

104 2616 116 2636 ⁵
140 2612 320 2646 Munl1.>..‚
345 2623 392 2651 ²:-
