1768 3283
381 323 433 350 DE
466 319 627 350 smnrru
659 314 836 358 oAnc'rO,
872 323 951 352 Lm.
988 324 1031 353 11.
1294 316 1373 373 37¹

30 484 254 507 mmmm-tvvm
261 486 472 503 vwwmwvm
478 480 1369 509 mmmmmmvwmwswwwwxwwwsinnwsmwist

550 611 726 655 CAPUT
759 611 854 655 XII.

0 780 1 824 ξ
29 766 217 810 Probaeo
243 767 464 824 Spiritum
486 783 604 821 (eque
625 768 820 809 revelare
837 784 889 809 ae
915 769 1097 812 Patrem
1117 782 1156 812 et
1178 771 1378 823 Filium,

86 837 302 892 quomodo
319 852 406 878 non
427 838 627 891 loquutur
644 852 670 877 α
685 852 728 877 se
746 838 864 877 idem
881 840 1080 893 Spiritus
1092 871 1103 887 ,
1121 841 1383 896 eoeplicatur3

84 910 409 961 ostenditurque
420 923 508 947 non,
522 907 755 964 cogitanda
783 909 830 948 in
852 911 940 964 ipso
964 924 1172 965 corporea
1194 926 1379 968 organa,

86 992 163 1018 ‘nec
186 975 323 1018 ullum
348 976 692 1031 inferioritatem
715 992 767 1017 eoe
795 992 840 1017 eo
868 978 1149 1034 fingendam,
1175 980 1287 1035 quod
1306 995 1387 1021 au-

86 1046 181 1087 dire
204 1050 395 1102 legatum
424 1046 596 1100 quzmrlo
622 1048 735 1086 idem
765 1046 882 1087 Filio
905 1058 1007 1088 esset
1029 1049 1377 1099 attribuendum

87 1116 176 1156 imo
210 1131 314 1157 vero
349 1117 482 1156 etium
512 1108 665 1163 Patri,
694 1131 794 1157 cum
821 1127 860 1156 et
892 1118 979 1173 ipse
1007 1119 1163 1159 audiat
1188 1121 1379 1161 Filium.

86 1185 306 1242 Spiritum
326 1187 463 1243 igitur
479 1201 525 1226 eo
541 1201 665 1227 seusu
687 1187 843 1227 audire
860 1197 897 1227 et
915 1187 1166 1244 clarificare
1184 1190 1378 1238 Filium,

87 1256 201 1313 quod
213 1272 313 1297 eum
328 1257 551 1313 Prophetis
576 1266 648 1311 atq
658 1272 704 1297 ue
726 1256 952 1313 Apostolis
972 1259 1202 1307 revelavz't3
1226 1275 1312 1316 qua
1332 1276 1386 1301 ex

89 1342 136 1368 ‘re
162 1326 428 1382 operationis
467 1327 604 1367 trium
631 1341 923 1382 personarum
955 1328 1099 1369 unitas
1138 1330 1359 1370 astruitur

86 1407 126 1438 et
147 1412 248 1437 cum
269 1389 420 1437 eadem
445 1397 644 1453 Spiritus
666 1407 893 1452 operetur,
920 1412 1015 1451 quoe
1048 1398 1202 1446 Pater,
1234 1398 1384 1439 eadem

89 1483 255 1523 quoque
279 1468 530 1508 declaratur
555 1468 722 1521 utriusq
732 1482 780 1507 ue
796 1482 879 1508 esse
895 1458 1152 1510 substantia.

93 1626 287 1670 CXXIX.
325 1626 554 1668 Pnonuun
591 1634 653 1667 est
684 1626 809 1682 igitur
842 1627 937 1682 quia
973 1627 1082 1669 sicut
1113 1629 1225 1670 Deus
1261 1629 1383 1670 nohis

32 1714 125 1756 quae
142 1714 213 1739 sua
229 1706 347 1754 sunt,
367 1698 423 1738 ita
440 1705 481 1737 et
496 1697 624 1738 Filius
642 1711 732 1752 quae
751 1697 828 1738 Dei
846 1707 965 1744 sunt,
987 1699 1042 1739 ita
1059 1698 1185 1740 etiam
1204 1698 1385 1756 Spiritus

34 1767 244 1810 revelavit.
270 1767 329 1808 Ex
352 1782 434 1807 uno
463 1767 574 1807 enim
597 1766 739 1823 Spritn
762 1781 835 1823 per
858 1783 988 1808 unum
1011 1768 1165 1809 Filium
1189 1769 1231 1809 in
1255 1784 1387 1810 unum

32 1840 198 1882 Patrem
230 1836 412 1893 cognitio
441 1845 581 1878 nostra
613 1837 805 1892 procedit
840 1852 849 1875 ε
883 1845 923 1877 et
956 1852 1007 1878 ex
1040 1851 1125 1878 uno
1152 1838 1276 1879 Patre
1316 1852 1390 1893 per

35 1925 166 1951 unum
182 1908 335 1951 Filium
352 1908 394 1949 in
413 1922 541 1949 unum
560 1907 762 1964 Spiritum
778 1916 970 1948 sanctum
987 1907 1152 1949 bonitas
1171 1918 1209 1949 et
1228 1909 1386 1949 sancti-

37 1980 176 2021 ficatio
203 1988 246 2020 et
270 1978 486 2035 imperiale
512 1978 578 2034 jus
609 1986 775 2018 aeternae
805 1977 984 2018 traditur
1029 1978 1257 2033 potestatis.
1304 1978 1385 2020 Ubi

37 2064 135 2107 ergo
158 2048 339 2090 ostensio
364 2046 566 2104 Spiritus,
590 2048 646 2088 ibi
668 2047 742 2089 Dei
765 2047 895 2088 virtus
920 2061 929 2087 t
952 2061 1029 2088 nec
1046 2056 1184 2103 potest
1199 2062 1287 2089 esse
1307 2047 1387 2088 dis-

13 2164 15 2167 ,
39 2120 170 2163 cretio
185 2152 196 2168 ‚
216 2119 288 2160 nbi
311 2134 415 2175 opus
438 2133 569 2159 unum
593 2127 668 2159 est.
697 2118 747 2160 Et
769 2118 861 2159 ideo
884 2119 999 2174 quod
1019 2119 1204 2173 loquitur
1225 2117 1354 2160 Filius
1370 2151 1382 2166 ,

39 2190 224 2246 loquitur
236 2188 408 2230 etPater
420 2203 428 2229 :
442 2198 483 2230 ct
498 2190 612 2244 quod
623 2188 745 2230 Pater
756 2188 959 2244 loquitur,
978 2188 1166 2243 loquitur
1178 2196 1218 2228 et
1232 2188 1383 2229 Filius:

40 2269 82 2302 et
115 2260 230 2317 quod
264 2259 450 2315 loquitur
483 2259 603 2300 Pater
641 2267 682 2299 et
716 2259 844 2300 Filius
864 2290 874 2306 ,
911 2258 1096 2314 loquitur
1130 2267 1172 2300 et
1204 2257 1382 2314 Spiritus

41 2339 223 2373 sanctus.

101 2401 278 2446 CXXX.
315 2401 432 2442 Unde
456 2408 498 2442 et
527 2401 577 2441 de
616 2399 775 2456 Spiritu
807 2400 938 2441 Filius
972 2400 1047 2441 Dei
1079 2399 1180 2441 dixit
1212 2413 1223 2440 z
1259 2398 1384 2440 «Non

43 2472 183 2513 »enim
208 2472 404 2526 loquetur
433 2485 453 2510 a
483 2471 583 2511 se¹n
612 2470 690 2510 hoc
715 2478 800 2516 est,
832 2484 917 2510 non
941 2469 1029 2510 sine
1058 2483 1150 2509 mea
1179 2477 1221 2509 et
1245 2468 1380 2509 Patris

45 2541 341 2584 communione
360 2557 370 2588 3
402 2555 537 2596 neque
553 2539 666 2581 enim
690 2539 844 2581 divisus
867 2553 914 2579 ac
937 2546 1149 2594 separatus
1174 2546 1236 2578 est
1259 2536 1385 2593 Spiri-

92 2652 100 2667 ¹
122 2644 215 2676 Joan.
235 2656 297 2681 xvi,
324 2646 369 2677 ιδ.

1168 2704 1232 2751 24.
