1768 3283
316 249 398 305 474
860 263 889 290 s.
931 264 1120 292 AMBROSII

308 432 1027 453 mvwmmvwvwmvwmkuwwmwvvwkuwwm
1033 437 1074 451 m
1080 436 1167 451 mvn
1173 433 1667 451 wvxnxwmwvmvwmmwwswb

827 588 1004 631 CAPUT
1040 587 1148 630 VIII.

320 734 486 777 Contra
511 736 773 779 catholicam
798 737 912 779 hanc
935 738 1194 779 sententiam
1213 771 1223 787 ‚
1251 737 1425 779 Filium
1455 737 1532 793 qui
1553 752 1672 795 genc-

379 817 504 848 ratus
531 819 612 860 est,
638 809 768 850 Patri
794 810 871 864 qui
899 809 1126 867 generavit
1145 842 1153 856 ‚
1181 808 1390 864 cequalem
1417 824 1526 855 esso,
1547 823 1673 865 oppo-

381 878 586 920 nentibus
607 879 878 920 adversariis
906 879 1101 937 genitum
1126 894 1227 920 cum
1260 880 1452 936 ingenito
1479 879 1676 936 ejusdcm

381 959 555 989 naturoe
593 965 676 991 esse
707 965 797 990 non
827 965 974 1006 possm
1016 950 1300 1004 respondetur
1332 966 1455 991 voces
1490 950 1676 1008 genitum

383 1028 510 1072 atque
536 1019 768 1075 ingenitum
797 1035 891 1073 (μαι)
913 1019 962 1058 in
983 1019 1224 1075 Scripturt‘s
1247 1035 1337 1060 non
1368 1021 1595 1077 leguntur,
1621 1018 1676 1060 ab

385 1088 440 1129 iis
471 1088 542 1129 hic
567 1090 745 1137 induci,
773 1105 874 1131 cum
895 1089 994 1131 illas
1011 1098 1203 1132 naturam
1227 1100 1265 1131 et
1289 1090 1564 1132 substantiam
1583 1090 1680 1132 ideo

386 1159 645 1213 repudient,
683 1161 798 1214 quod
819 1175 889 1202 eas
911 1161 960 1200 in
979 1161 1135 1201 iisdem
1164 1160 1409 1218 Scripturt's
1437 1171 1591 1218 negent
1612 1176 1682 1202 ex-

388 1240 493 1273 tare.
540 1231 654 1272 Tum
685 1232 811 1272 etiam
846 1233 893 1272 in
930 1231 1019 1273 Deo
1065 1241 1277 1273 naturam
1307 1248 1359 1274 ac
1390 1231 1683 1275 substantiam

388 1316 472 1342 esse
488 1317 541 1342 εει)
562 1303 701 1343 sacris
720 1301 956 1343 Codicibus
974 1301 1209 1344 evincitur.

390 1453 587 1497 LXXIX.
629 1453 929 1496 CONCLUSERAM
951 1455 1107 1496 librum
1135 1469 1144 1497 t
1175 1455 1247 1496 sed
1270 1454 1478 1511 religionis
1501 1454 1602 1504 fuit,
1630 1470 1683 1497 ne

328 1525 589 1581 praeterv'octi
620 1525 888 1573 videremur,
919 1527 1032 1581 quod
1062 1526 1220 1567 solvere
1257 1526 1539 1582 nequiremus.
1578 1525 1685 1569 Nam

330 1609 426 1636 cum
451 1596 610 1637 dudum
637 1596 843 1637 audierint
870 1596 1040 1652 quidam
1059 1628 1068 1642 ‚
1098 1596 1336 1637 dicentibus
1361 1596 1505 1645 nobis,
1530 1596 1685 1638 Filium

334 1666 440 1714 Dei,
471 1667 541 1722 qui
573 1675 795 1723 generatus
826 1665 907 1714 sit,
936 1665 1047 1707 Patri
1075 1666 1143 1721 qui
1177 1667 1414 1722 generavit,
1441 1667 1686 1723 inaequalem

329 1752 417 1779 esse
440 1753 523 1778 non
549 1753 668 1795 posse
684 1770 694 1787 ‚
715 1736 902 1792 quamvis
926 1737 993 1777 ille
1016 1745 1236 1792 generatus
1262 1737 1336 1784 sit,
1365 1737 1440 1779 iste
1460 1751 1688 1794 generave-

332 1808 411 1856 rit;
437 1808 530 1864 quia
556 1807 768 1864 generatio
790 1822 873 1848 non
898 1807 1115 1863 potestatis
1133 1815 1214 1853 est,
1235 1807 1305 1847 sed
1327 1816 1484 1849 naturae
1507 1823 1515 1849 :
1538 1809 1687 1849 adver-

335 1894 402 1919 sus
440 1879 553 1919 illam
596 1877 765 1934 quidem
806 1876 1076 1932 quaestionem
1120 1892 1265 1917 vocem
1311 1876 1389 1918 sibi
1432 1877 1689 1918 arbitrantur

333 1950 546 1989 occlusam
572 1963 582 1988 :
610 1948 682 1988 sed
706 1946 1046 2004 tergiversatione
1080 1945 1306 1987 damnabili
1338 1946 1377 1987 in
1409 1947 1557 1988 eodem
1593 1947 1688 1988 loco

333 2021 551 2077 vestigium
572 2026 764 2065 vertunt;
791 2025 837 2058 ut
855 2024 1000 2072 putent
1019 2017 1294 2058 mutationem
1319 2015 1406 2058 fieri
1430 2015 1687 2072 quaestionis,

334 2091 566 2134 mutatione
584 2088 804 2135 sermonis,
825 2088 1011 2128 dicentes
1031 2087 1280 2138 :Quomodo
1296 2087 1689 2145 possuntingenitus

335 2169 378 2202 et
395 2160 557 2218 genitus
584 2174 672 2199 esse
696 2157 819 2221 unius
843 2165 1002 2198 naturae
1026 2165 1149 2213 atque
1172 2157 1442 2199 substantiae?

391 2229 568 2272 LXXX.
607 2228 716 2281 Ergo
740 2235 786 2267 ut
815 2228 1092 2283 respondeam
1110 2260 1118 2274 ‚
1154 2227 1477 2269 clementissime
1503 2228 1690 2284 Impera-

336 2308 421 2348 tor,
457 2314 532 2355 per
562 2307 602 2339 te
625 2297 727 2339 mihi
750 2295 972 2353 propositae
1006 2297 1247 2352 quaestioni;
1286 2297 1468 2353 primum
1500 2297 1689 2339 omnium

337 2369 570 2427 ingenitum
591 2369 630 2410 in
650 2367 876 2425 Scripturis
895 2365 1042 2409 divinis
1063 2383 1267 2424 nusquam
1287 2368 1477 2422 inveniost
1494 2382 1576 2409 non
1592 2368 1689 2425 legi.

340 2455 422 2481 non
446 2439 597 2481 audivi.
621 2437 752 2493 Cujus
777 2437 904 2494 igitur
921 2438 1213 2479 mutabilitatis
1231 2446 1327 2479 sunt
1343 2438 1533 2480 homines
1551 2439 1691 2480 istius-

337 2510 474 2557 modi,
500 2518 545 2551 ut
569 2524 644 2550 nos
667 2508 809 2549 dicant
837 2522 883 2548 ea
910 2522 1110 2564 usurpare
1127 2541 1136 2555 ‚
1166 2524 1257 2564 quse
1280 2524 1361 2550 uon
1386 2517 1483 2550 sunt
1506 2509 1688 2566 scripta3

332 2594 430 2621 cum
448 2594 494 2620 ea
519 2594 610 2634 quae
636 2587 734 2620 sunt
757 2577 910 2635 scripta
928 2610 938 2626 ,
963 2578 1150 2620 dicamus
1172 2593 1183 2620 t
1203 2587 1242 2620 et
1262 2579 1336 2636 ipsi
1360 2578 1561 2635 objiciant
1577 2581 1690 2636 quod
