1768 3283
563 249 894 282 muoz-uxorius.
1322 241 1404 297 495

60 341 184 382 quam
203 327 376 384 proinde
395 326 498 383 ipsis
516 326 696 372 subinde
712 326 899 383 objicere
914 326 1160 369 Ambrosius
1189 343 1272 371 non
1305 346 1406 388 prae-

59 396 238 438 teruiisit
257 412 266 439 ε
292 405 475 440 attamen
496 396 632 441 eidem
655 397 918 453 reponebant
943 395 1105 441 Patrem
1127 396 1166 438 in
1188 398 1294 440 Filio
1317 408 1406 443 tan-

57 480 183 521 quam
215 480 355 521 regem
390 465 430 506 in
459 464 636 522 imagine
668 466 740 509 abs
770 480 813 507 se
845 465 1007 507 adorari
1038 466 1205 522 colique
1228 499 1238 518 ‚
1273 478 1317 510 ut
1354 485 1404 512 ex

13 543 16 571 1
56 535 299 579 Athanasii
328 545 438 578 orat.
477 537 527 587 4,
559 537 603 578 in
630 537 846 580 Arrianos
879 536 1038 579 discere
1075 546 1149 579 est.
1186 537 1267 580 Sed
1306 554 1405 582 cum

53 614 252 662 sequatur
266 621 316 649 ex
336 605 415 651 hoc
439 621 637 662 responso
651 637 662 655 ‚
680 607 873 649 eamdem
899 621 1066 663 quoque
1087 608 1400 652 venerationem

10 700 11 703 =
53 672 215 717 homini
239 683 384 731 utpote
409 676 461 721 ad
491 676 713 733 imaginem
737 676 812 719 Dei
835 677 1005 718 condito
1033 676 1220 718 exhiberi
1252 693 1400 736 posse3

6 791 10 800 »
52 742 122 786 illo
147 743 303 801 effugio
332 744 437 789 nihil
469 744 686 793 obstante.
722 754 914 789 auctores
946 745 1037 801 ejus
1063 746 1102 786 in
1131 746 1400 791 ethnicorum

49 813 182 857 ferme
201 814 391 857 ordinem
414 822 692 870 reposuerunt
710 815 820 856 idem
838 815 1090 857 Athanasius
1108 826 1217 857 orat.
1246 817 1280 870 5,
1293 826 1334 859 et
1351 819 1394 869 4,

0 898 8 965 ἢ
50 891 196 927 contra
220 883 414 931 eosdem.
444 883 620 930 Basilius
648 883 782 926 Hom.
814 898 884 940 27.
910 885 959 925 in
984 883 1144 926 Sabell.
1170 884 1399 944 Gregorius

48 951 168 1008 Nyss.
195 962 235 996 et
259 953 340 998 alii.
371 953 552 998 Consule
574 954 701 1000 etiam
722 953 875 999 Valesii
894 963 1013 998 notas
1039 955 1090 997 ad
1119 955 1190 998 lib.
1213 971 1266 1005 11,
1291 957 1395 1001 Hist.

49 1022 256 1068 Theodor.
287 1024 355 1068 25.

437 1202 679 1230 Annorum
717 1187 777 1243 (8)
812 1201 904 1244 pag.
945 1189 1012 1237 44.

105 1355 339 1398 Concilium
357 1356 436 1398 hoc
449 1357 706 1401 celebratum
726 1357 801 1400 fuit
819 1372 927 1400 anno
948 1358 1045 1415 559.
1059 1358 1236 1401 Arimini
1256 1392 1266 1407 ‚
1301 1376 1393 1417 quae

47 1426 192 1469 civitas
223 1427 432 1468 maritima
465 1435 528 1468 est
559 1427 598 1468 in
628 1427 830 1469 Romania
863 1428 991 1469 Italiae
1021 1430 1247 1485 provincia.
1279 1433 1396 1482 Qua-

45 1504 218 1555 propter
239 1496 428 1552 ejusdem
452 1511 675 1538 concessus
708 1507 819 1549 acta,
850 1513 962 1554 quae,
1001 1508 1104 1540 teste
1135 1499 1394 1559 Hieronymo

46 1567 87 1609 in
109 1566 392 1611 Luciferianos
407 1598 418 1616 ‚
444 1567 484 1611 in
507 1567 686 1625 publicis
702 1567 1072 1624 Ecclesiarumque
1097 1569 1311 1612 tabulariis
1331 1586 1390 1613 as-

45 1638 333 1684 servabantur,
368 1653 387 1678 a
420 1637 798 1683 Mediolanensibus
825 1653 910 1680 non
948 1638 1128 1680 abfuisse
1166 1655 1240 1696 per
1267 1656 1393 1697 quam

46 1707 246 1750 credibile
269 1714 344 1752 est.
371 1707 507 1751 Utitur
529 1715 668 1750 tamen
693 1718 862 1749 sanctus
889 1708 1139 1750 Ambrosius
1170 1710 1258 1751 solo
1282 1710 1394 1752 testi-

43 1778 185 1821 monio
208 1777 431 1835 Synodicae
453 1778 504 1822 ad
528 1777 820 1819 Constantium
835 1778 1020 1834 epistolae
1041 1794 1050 1819 ε
1077 1793 1156 1834 qua
1179 1779 1391 1839 episcopi,

44 1850 115 1906 qui
132 1851 184 1893 ad
203 1848 528 1907 quadringentos
545 1856 587 1889 et
613 1849 791 1905 amplius
815 1849 1031 1890 coiverant
1051 1880 1062 1896 ,
1092 1850 1318 1891 certiorem
1338 1850 1394 1890 sa-

44 1921 160 1962 ciunt
177 1921 498 1976 imperatorem,
528 1934 571 1961 se
592 1920 785 1967 satuisse.
813 1934 864 1960 ne
886 1919 986 1975 quid
1002 1934 1149 1961 eorum
1169 1935 1260 1978 quae
1280 1922 1390 1978 apud

44 1990 225 2032 Mcaeam
260 1990 415 2030 sancita
446 1988 633 2036 fuerant,
670 1997 919 2030 mutaretur.
953 1989 1050 2030 Haec
1078 1989 1279 2045 epistola,
1309 2006 1389 2046 qua

43 2061 109 2101 vix
130 2060 349 2116 pretiosius
378 2059 490 2100 aliud
521 2059 778 2115 antiquitatis
808 2059 957 2116 pignus
986 2059 1038 2100 ad
1075 2074 1148 2100 nos
1179 2060 1391 2115 pervenit,

43 2138 155 2172 extat
177 2131 217 2171 in
241 2129 480 2177 Athanasii,
502 2129 574 2173 lib.
597 2130 648 2170 de
663 2129 767 2187 Syn.
799 2130 991 2170 Arim.ec
1012 2129 1175 2169 Selene.
1197 2129 1391 2170 refertur-

42 2215 124 2256 que
150 2215 232 2240 non
256 2202 386 2241 modo
404 2214 425 2240 a
441 2199 638 2246 Socrate,
665 2200 903 2240 sozomeno
927 2209 968 2240 et
989 2197 1255 2240 Theodoreto
1277 2198 1389 2240 Grae-

43 2270 102 2312 cis
119 2270 414 2326 scriptoribus3
439 2277 479 2311 at
499 2269 625 2311 etiam
644 2269 695 2311 ab
713 2269 870 2311 Hilario
887 2269 927 2310 in
953 2268 1205 2326 fragmentis.
1232 2268 1386 2310 Verum

44 2342 240 2398 praeclara
261 2340 327 2382 illa
351 2340 556 2383 consessio
573 2355 657 2382 non
682 2340 753 2383 diu
771 2341 928 2398 integra
949 2339 1252 2397 perseveravit3
1278 2340 1390 2381 illam

42 2412 154 2454 euim
177 2410 312 2468 primo
330 2412 475 2453 decem
491 2410 668 2453 Concilii
688 2411 737 2452 ad
757 2410 1049 2452 Constantium
1069 2409 1216 2466 legati,
1238 2409 1390 2451 deinde

43 2496 189 2523 omnes
211 2480 342 2523 ferme
359 2480 425 2523 isti
442 2481 644 2523 antistites
666 2495 748 2522 non
775 2488 1070 2527 correxerunt,
1094 2479 1167 2521 sed
1186 2493 1388 2536 corrupe-

42 2559 170 2594 runt:
193 2566 289 2594 cum
316 2552 466 2609 partim
495 2553 546 2594 ab
570 2552 826 2610 Imperatore
854 2550 1009 2600 territi,
1042 2549 1194 2608 partim
1223 2548 1388 2607 decepti
