1806 3256
408 277 419 304 1
438 277 487 305 10
945 278 974 305 S.
1017 278 1207 306 AMBROSH

396 357 495 399 »bat
512 365 651 399 autem
669 371 765 398 eum
781 371 854 414 per
871 372 995 413 quem
1014 358 1152 399 omnia
1166 390 1176 405 ,
1197 366 1237 400 et
1255 365 1426 415 propter
1443 373 1568 415 quem
1586 358 1742 408 omnia,
1796 356 1800 365 '

394 427 567 469 »multis
597 425 691 468 siliis
728 426 768 467 in
804 426 978 483 gloriam
1002 427 1213 474 adductis,
1251 428 1402 469 ducem
1428 429 1571 470 salutis
1598 444 1744 471 eorum
1787 415 1793 424 ⁸

395 512 498 555 »per
515 497 748 554 passionem
771 497 1094 539 consummari¹.
1116 517 1131 535 »
1153 498 1299 540 Nonne
1318 498 1533 540 evidenter
1555 500 1746 556 exposuit
1798 530 1802 550 ·‚

397 570 491 624 quia
513 568 588 610 Dei
605 568 733 608 Filius
757 567 828 623 qui
850 577 1021 624 propter
1043 568 1312 610 Divinitatem
1331 583 1448 611 suam
1471 570 1609 611 omnia
1633 585 1745 611 crea·
1798 607 1800 609 .

395 638 480 686 vit,
513 638 545 679 is
568 645 708 694 postea
726 646 901 693 propter
925 638 1068 694 populi
1092 638 1267 679 salutem
1290 647 1332 680 et
1355 639 1490 681 carnis
1509 640 1744 696 susceptio·
1800 630 1801 633 Ἴ

395 725 490 751 nen]
506 742 516 758 ,
540 718 581 750 et
604 708 749 750 mortis
771 708 1040 765 assumpserit
1067 708 1336 765 passionem?
1799 761 1801 766 ⁴

452 779 638 822 XLVHI.
677 779 852 835 Propter
878 794 972 834 quae
999 787 1138 820 auten]
1163 795 1288 836 opera
1313 780 1365 821 sit
1386 789 1551 822 creatus
1573 796 1623 822 ex
1650 781 1744 823 Vir-
1797 773 1802 822 f

393 851 513 908 gine,
537 850 623 906 ipso
646 848 848 891 Dominus
875 864 971 890 cum
1000 848 1116 890 illum
1154 864 1314 891 caecunl
1343 859 1537 898 curaret,
1563 851 1745 892 ostendit
1797 843 1801 894 J

395 922 538 963 dicens
559 935 567 961 :
595 939 609 958 u
626 920 673 961 In
701 919 770 960 illo
792 934 859 960 me
877 928 1044 976 oportet
1065 920 1229 976 operari
1249 936 1375 977 opera
1397 920 1487 976 ejus
1506 955 1515 969 ,
1540 921 1610 977 qui
1633 921 1744 963 misit
1771 916 1774 919 ¹
1796 936 1801 947 ⁴

395 1010 410 1030 n
426 990 534 1032 n1e².
557 1009 572 1029 υ
596 989 647 1030 Et
665 988 846 1036 addidit,
871 998 917 1030 ut
937 990 988 1030 de
1010 988 1298 1030 incarnatione
1315 989 1405 1045 ejus
1423 990 1581 1031 dictum
1604 991 1746 1032 crede-

394 1075 536 1103 remus
561 1076 570 1100 ε
605 1077 620 1098 u
647 1060 755 1101 Cum
801 1059 843 1100 iu
890 1059 972 1100 hoc
1013 1060 1174 1099 mundo
1218 1074 1336 1107 sum,
1377 1060 1450 1100 lux
1489 1074 1582 1100 sum
1619 1059 1744 1115 hujus
1796 1071 1799 1114 ζ

392 1129 570 1172 ’mundi
587 1128 616 1171 ³.
641 1147 656 1168 n
679 1128 843 1170 Etenim
871 1128 987 1185 quasi
1018 1129 1144 1169 homo
1171 1129 1212 1169 in
1240 1128 1322 1170 hoe
1345 1129 1504 1169 mundo
1535 1143 1611 1185 pro
1637 1137 1740 1170 tem·
1796 1137 1802 1185 ζ

392 1216 494 1259 pore
527 1208 612 1248 est3
647 1215 745 1242 nam
777 1199 892 1256 quasi
922 1200 1033 1241 Deus
1061 1214 1229 1256 semper
1254 1207 1328 1240 est.
1362 1199 1555 1255 Denique
1575 1207 1617 1241 et
1647 1199 1744 1241 alibi

395 1271 478 1313 ait:
505 1269 646 1311 «Ecce
672 1283 749 1326 ego
777 1269 994 1311 vobiscum
1027 1284 1119 1310 suni
1159 1284 1290 1325 usque
1330 1270 1381 1311 ad
1411 1269 1743 1310 consummatio-
1795 1297 1799 1309 .

393 1361 408 1380 n
423 1355 520 1383 nem
541 1338 727 1381 mundi&
751 1357 766 1378 n

450 1410 603 1453 XLIX.
648 1410 734 1452 Noc
768 1410 820 1451 de
854 1408 1062 1466 principio
1093 1408 1250 1450 residet
1288 1409 1443 1465 aliquid
1477 1407 1740 1465 quaestionis,
1796 1423 1797 1426 ¹

394 1495 491 1524 cum
527 1480 805 1536 interrogatus
832 1479 874 1520 in
899 1494 1056 1520 carne:
1089 1480 1184 1521 «Tu
1211 1479 1282 1535 qui
1305 1479 1407 1520 659»
1444 1480 1738 1536 responderit:
1795 1491 1798 1505 ’

402 1569 418 1589 «
440 1549 696 1606 Principium
721 1551 834 1605 quod
850 1557 890 1590 et
908 1550 1057 1605 loquor
1076 1548 1234 1590 vobiss'.
1259 1568 1272 1587 υ
1289 1550 1414 1601 Quod
1432 1564 1515 1590 non
1533 1549 1667 1590 solum
1691 1549 1743 1589 ad
1794 1556 1797 1575 ³

392 1621 667 1665 substantiam
688 1620 923 1662 Divinitatis
939 1630 1105 1662 aeternae
1128 1620 1324 1668 refertur,
1350 1619 1423 1662 sed
1447 1620 1572 1662 etiam
1594 1620 1645 1661 ad
1667 1620 1743 1660 do-
1795 1627 1797 1629 ’

392 1699 589 1734 eumenia
620 1691 836 1733 virtutum.
871 1690 932 1732 Ex
961 1690 1042 1732 hoc
1075 1690 1188 1733 enim
1218 1699 1260 1732 et
1300 1688 1438 1732 Deum
1479 1705 1522 1731 se
1551 1689 1743 1746 probavit

391 1772 593 1805 aeternum
614 1779 624 1810 3
651 1762 747 1818 quia
772 1762 962 1803 omnium
981 1762 1067 1819 ipse
1086 1761 1341 1819 principium
1360 1770 1447 1809 est,
1471 1770 1512 1803 et
1540 1759 1741 1802 uniuscu-
1793 1802 1795 1808 A

390 1833 540 1891 jusque
578 1833 740 1875 virtutis
778 1841 948 1881 aneton-3
984 1833 1078 1889 quia
1114 1832 1312 1874 Ecclesiae
1356 1841 1482 1889 caput
1514 1839 1600 1878 est,
1633 1830 1741 1872 sicut
1794 1859 1796 1861 >

391 1903 593 1961 scriptum
612 1912 702 1945 est:
727 1922 740 1941 a
760 1902 867 1954 Quia
889 1903 974 1959 ipse
997 1911 1059 1945 est
1075 1911 1203 1959 capnt
1219 1902 1406 1959 corporis
1430 1901 1644 1949 Ecclesiae,
1670 1901 1740 1957 qui
1791 1913 1796 1919 ·

391 1993 407 2013 n
422 1982 483 2016 est
504 1973 758 2031 principium
775 2006 784 2021 ,
809 1974 1114 2031 primogenitus
1130 1989 1180 2015 ex
1199 1973 1373 2015 mortuis
1387 1972 1416 2016 ⁰.
1439 1993 1454 2011 »
1792 1964 1795 1972 Α

447 2044 492 2086 L.
527 2042 678 2100 Liquet
694 2043 818 2100 igitur
838 2052 880 2085 et
903 2044 954 2084 do
975 2044 1262 2086 incarnatione
1288 2044 1446 2085 dictum
1471 2057 1560 2084 esse
1581 2060 1597 2080 (ι
1617 2041 1739 2084 Prin-

393 2134 408 2153 »
423 2113 578 2170 cipium
601 2114 762 2155 viarum
785 2129 954 2155 suarum
968 2147 978 2162 ,
993 2133 1007 2151 ι
1022 2114 1135 2170 quod
1157 2115 1208 2156 ad
1226 2123 1537 2156 sacramentum
1556 2112 1737 2169 suscepti
1791 2102 1793 2106 ⁸

393 2183 579 2240 corporis
603 2183 767 2225 videtur
787 2198 876 2224 esse
898 2183 1178 2226 referendum.
1203 2184 1302 2226 Ideo
1325 2183 1435 2224 enim
1455 2197 1624 2224 carnem
1654 2196 1738 2222 sus-
1790 2226 1794 2233 Ι

393 2253 524 2309 cepit,
566 2261 610 2294 ut
640 2254 690 2294 ad
724 2253 875 2294 coelum
909 2254 1030 2294 nobis
1064 2261 1268 2295 sterneret
1302 2253 1392 2294 iter.
1430 2252 1620 2308 Denique
1649 2251 1733 2292 ait:
1790 2296 1793 2310 ἓ

404 2343 418 2363 α
436 2323 628 2366 Ascendo
649 2323 700 2364 ad
724 2325 889 2365 Patrem
914 2339 1054 2366 menn]
1071 2357 1081 2373 ‚
1112 2333 1153 2366 et
1173 2325 1339 2366 Patrem
1364 2333 1548 2365 vestrum
1569 2355 1579 2371 ,
1600 2322 1735 2364 Deum
1789 2335 1791 2339 ¹

391 2404 562 2436 »meum
583 2425 593 2441 ,
619 2402 659 2435 et
681 2394 814 2434 Deum
835 2393 1059 2436 vestrum⁷.
1088 2413 1103 2433 »
1126 2394 1316 2450 Denique
1335 2402 1380 2434 ut
1396 2394 1500 2435 scias
1519 2392 1632 2448 quod
1654 2391 1737 2432 vias

390 2478 482 2506 suas
501 2463 764 2520 omnipotens
781 2463 901 2505 Pater
919 2465 1151 2506 secundum
1170 2463 1501 2506 incarnationem
1521 2460 1739 2519 praescrip·

433 2574 442 2588 ¹
472 2564 559 2596 Heb.
580 2574 616 2599 11,
640 2573 690 2596 ιο.
705 2581 744 2588 -
761 2570 774 2585 ¹
793 2562 890 2596 Joan.
910 2576 977 2603 xix,
995 2565 1027 2602 4.
1047 2582 1087 2589 -
1107 2565 1121 2588 ³
1143 2565 1229 2597 lbid.
1261 2566 1289 2597 5.
1310 2582 1350 2589 —
1371 2567 1385 2593 ⁴
1402 2563 1520 2597 Mauh.
1540 2573 1656 2601 xxviii,
1677 2571 1728 2592 πο.
1788 2578 1790 2582 ν

390 2619 404 2643 ⁸
437 2617 534 2650 Joan.
563 2628 633 2654 vni,
665 2618 717 2649 25.
738 2635 775 2643 -
796 2617 944 2651 ⁶Coloss.
963 2630 984 2656 ι,
1004 2617 1052 2652 18.
1074 2634 1113 2644 --
1132 2625 1143 2650 7
1160 2618 1256 2652 Joan.
1273 2627 1396 2662 xx‚17.
