<?xml version="1.0" encoding="UTF-8"?>
<!DOCTYPE html PUBLIC "-//W3C//DTD XHTML 1.0 Transitional//EN"
    "http://www.w3.org/TR/xhtml1/DTD/xhtml1-transitional.dtd">
<html xmlns="http://www.w3.org/1999/xhtml" xml:lang="en" lang="en">
 <head>
  <title>
</title>
<meta http-equiv="Content-Type" content="text/html;charset=utf-8" />
  <meta name='ocr-system' content='tesseract 3.04.00' />
  <meta name='ocr-capabilities' content='ocr_page ocr_carea ocr_par ocr_line ocrx_word'/>
</head>
<body>
  <div class='ocr_page' id='page_1' title='image "./omniaequaeextant06ambruoft_0437.png"; bbox 0 0 1768 3283; ppageno 0'>
   <div class='ocr_carea' id='block_1_1' title="bbox 347 306 1373 365">
    <p class='ocr_par' dir='ltr' id='par_1_1' title="bbox 347 306 1373 365">
     <span class='ocr_line' id='line_1_1' title="bbox 347 306 1373 365; baseline -0.002 -15"><span class='ocrx_word' id='word_1_1' title='bbox 347 322 398 350; x_wconf 76' lang='lat' dir='ltr'><strong>nn</strong></span> <span class='ocrx_word' id='word_1_2' title='bbox 431 319 590 350; x_wconf 76' lang='lat' dir='ltr'><strong>smmTu</strong></span> <span class='ocrx_word' id='word_1_3' title='bbox 623 321 799 355; x_wconf 81' lang='lat' dir='ltr'>SANCTO,</span> <span class='ocrx_word' id='word_1_4' title='bbox 835 322 910 349; x_wconf 75' lang='lat' dir='ltr'><strong>Lm.</strong></span> <span class='ocrx_word' id='word_1_5' title='bbox 952 321 1013 349; x_wconf 85' lang='lat'>111.</span> <span class='ocrx_word' id='word_1_6' title='bbox 1288 306 1373 365; x_wconf 64' lang='lat'><strong>,417</strong></span> 
     </span>
    </p>
   </div>
   <div class='ocr_carea' id='block_1_2' title="bbox 26 399 1415 2558">
    <p class='ocr_par' dir='ltr' id='par_1_2' title="bbox 26 399 1388 1000">
     <span class='ocr_line' id='line_1_2' title="bbox 26 399 1372 456; baseline -0.001 -13"><span class='ocrx_word' id='word_1_7' title='bbox 26 399 121 443; x_wconf 88' lang='lat' dir='ltr'><strong>loco</strong></span> <span class='ocrx_word' id='word_1_8' title='bbox 154 399 401 442; x_wconf 79' lang='lat' dir='ltr'>Trinitatem</span> <span class='ocrx_word' id='word_1_9' title='bbox 440 401 629 442; x_wconf 76' lang='lat' dir='ltr'><strong>videmus</strong></span> <span class='ocrx_word' id='word_1_10' title='bbox 660 400 829 442; x_wconf 87' lang='lat' dir='ltr'><strong>nomine</strong></span> <span class='ocrx_word' id='word_1_11' title='bbox 852 399 1086 441; x_wconf 77' lang='lat' dir='ltr'><strong>Divinitatis</strong></span> <span class='ocrx_word' id='word_1_12' title='bbox 1113 414 1372 456; x_wconf 74' lang='lat' dir='ltr'><strong>expressam,</strong></span> 
     </span>
     <span class='ocr_line' id='line_1_3' title="bbox 29 469 1375 526; baseline 0.001 -16"><span class='ocrx_word' id='word_1_13' title='bbox 29 470 101 510; x_wconf 86' lang='lat' dir='ltr'><strong>sed</strong></span> <span class='ocrx_word' id='word_1_14' title='bbox 123 483 219 510; x_wconf 87' lang='lat' dir='ltr'><strong>cum</strong></span> <span class='ocrx_word' id='word_1_15' title='bbox 246 470 456 526; x_wconf 72' lang='lat' dir='ltr'><strong>plerisque</strong></span> <span class='ocrx_word' id='word_1_16' title='bbox 492 470 593 512; x_wconf 86' lang='lat' dir='ltr'><strong>loeis</strong></span> <span class='ocrx_word' id='word_1_17' title='bbox 614 503 623 518; x_wconf 92' lang='lat'><em>,</em></span> <span class='ocrx_word' id='word_1_18' title='bbox 663 470 770 511; x_wconf 84' lang='lat' dir='ltr'><strong>sicut</strong></span> <span class='ocrx_word' id='word_1_19' title='bbox 802 478 842 510; x_wconf 81' lang='lat' dir='ltr'><strong>et</strong></span> <span class='ocrx_word' id='word_1_20' title='bbox 877 485 1001 525; x_wconf 86' lang='lat' dir='ltr'><strong>supra</strong></span> <span class='ocrx_word' id='word_1_21' title='bbox 1041 469 1248 521; x_wconf 72' lang='lat' dir='ltr'><strong>diximus,</strong></span> <span class='ocrx_word' id='word_1_22' title='bbox 1287 478 1375 511; x_wconf 87' lang='lat' dir='ltr'><strong>tum</strong></span> 
     </span>
     <span class='ocr_line' id='line_1_4' title="bbox 29 538 1378 596; baseline 0.001 -18"><span class='ocrx_word' id='word_1_23' title='bbox 29 538 208 579; x_wconf 81' lang='lat' dir='ltr'><strong>maxime</strong></span> <span class='ocrx_word' id='word_1_24' title='bbox 232 538 271 579; x_wconf 89' lang='lat' dir='ltr'><strong>in</strong></span> <span class='ocrx_word' id='word_1_25' title='bbox 295 539 358 580; x_wconf 87' lang='lat' dir='ltr'><strong>his</strong></span> <span class='ocrx_word' id='word_1_26' title='bbox 380 538 574 596; x_wconf 82' lang='lat' dir='ltr'><strong>Epistolis</strong></span> <span class='ocrx_word' id='word_1_27' title='bbox 595 555 696 596; x_wconf 80' lang='lat' dir='ltr'><strong>quas</strong></span> <span class='ocrx_word' id='word_1_28' title='bbox 721 541 771 580; x_wconf 81' lang='lat' dir='ltr'><strong>ad</strong></span> <span class='ocrx_word' id='word_1_29' title='bbox 786 538 1178 580; x_wconf 79' lang='lat' dir='ltr'><strong>Thessalonicenses</strong></span> <span class='ocrx_word' id='word_1_30' title='bbox 1196 538 1378 596; x_wconf 80' lang='lat' dir='ltr'><strong>Aposto-</strong></span> 
     </span>
     <span class='ocr_line' id='line_1_5' title="bbox 30 607 1381 665; baseline -0.001 -15"><span class='ocrx_word' id='word_1_31' title='bbox 30 609 94 650; x_wconf 86' lang='lat' dir='ltr'><strong>lus</strong></span> <span class='ocrx_word' id='word_1_32' title='bbox 115 607 280 664; x_wconf 81' lang='lat' dir='ltr'><strong>scripsit</strong></span> <span class='ocrx_word' id='word_1_33' title='bbox 303 641 312 655; x_wconf 94' lang='lat'>,</span> <span class='ocrx_word' id='word_1_34' title='bbox 338 609 606 651; x_wconf 77' lang='lat' dir='ltr'><strong>Divinitatem</strong></span> <span class='ocrx_word' id='word_1_35' title='bbox 632 619 754 665; x_wconf 79' lang='lat' dir='ltr'><strong>atque</strong></span> <span class='ocrx_word' id='word_1_36' title='bbox 778 609 1038 650; x_wconf 68' lang='lat' dir='ltr'><strong>dominatum</strong></span> <span class='ocrx_word' id='word_1_37' title='bbox 1066 608 1195 649; x_wconf 74' lang='lat' dir='ltr'><strong>Patris</strong></span> <span class='ocrx_word' id='word_1_38' title='bbox 1223 616 1264 649; x_wconf 86' lang='lat' dir='ltr'><strong>et</strong></span> <span class='ocrx_word' id='word_1_39' title='bbox 1286 607 1381 649; x_wconf 90' lang='lat' dir='ltr'><strong>Filii</strong></span> 
     </span>
     <span class='ocr_line' id='line_1_6' title="bbox 32 676 1380 734; baseline 0.001 -15"><span class='ocrx_word' id='word_1_40' title='bbox 32 685 74 719; x_wconf 85' lang='lat' dir='ltr'><strong>et</strong></span> <span class='ocrx_word' id='word_1_41' title='bbox 90 676 269 734; x_wconf 86' lang='lat' dir='ltr'><strong>Spiritus</strong></span> <span class='ocrx_word' id='word_1_42' title='bbox 288 679 420 720; x_wconf 81' lang='lat' dir='ltr'><strong>sancti</strong></span> <span class='ocrx_word' id='word_1_43' title='bbox 439 679 745 720; x_wconf 80' lang='lat' dir='ltr'><strong>evidentissime</strong></span> <span class='ocrx_word' id='word_1_44' title='bbox 764 679 1002 720; x_wconf 76' lang='lat' dir='ltr'><strong>declaravit.</strong></span> <span class='ocrx_word' id='word_1_45' title='bbox 1021 677 1090 719; x_wconf 86' lang='lat' dir='ltr'><strong>Sic</strong></span> <span class='ocrx_word' id='word_1_46' title='bbox 1107 678 1217 719; x_wconf 88' lang='lat' dir='ltr'><strong>enim</strong></span> <span class='ocrx_word' id='word_1_47' title='bbox 1237 677 1380 720; x_wconf 78' lang='lat' dir='ltr'><strong>habes:</strong></span> 
     </span>
     <span class='ocr_line' id='line_1_7' title="bbox 45 746 1386 805; baseline 0.001 -19"><span class='ocrx_word' id='word_1_48' title='bbox 45 746 160 790; x_wconf 78' lang='lat' dir='ltr'><strong>«Vos</strong></span> <span class='ocrx_word' id='word_1_49' title='bbox 186 756 326 790; x_wconf 83' lang='lat' dir='ltr'><strong>autem</strong></span> <span class='ocrx_word' id='word_1_50' title='bbox 346 749 551 790; x_wconf 84' lang='lat' dir='ltr'><strong>Dominus</strong></span> <span class='ocrx_word' id='word_1_51' title='bbox 582 749 858 805; x_wconf 86' lang='lat' dir='ltr'><strong>multiplicet,</strong></span> <span class='ocrx_word' id='word_1_52' title='bbox 889 757 930 790; x_wconf 82' lang='lat' dir='ltr'><strong>et</strong></span> <span class='ocrx_word' id='word_1_53' title='bbox 965 748 1177 789; x_wconf 80' lang='lat' dir='ltr'><strong>abundare</strong></span> <span class='ocrx_word' id='word_1_54' title='bbox 1201 747 1322 789; x_wconf 80' lang='lat' dir='ltr'><strong>saciat</strong></span> <span class='ocrx_word' id='word_1_55' title='bbox 1344 748 1386 788; x_wconf 90' lang='lat' dir='ltr'><strong>in</strong></span> 
     </span>
     <span class='ocr_line' id='line_1_8' title="bbox 35 817 1385 866; baseline 0.001 -8"><span class='ocrx_word' id='word_1_56' title='bbox 35 817 268 859; x_wconf 78' lang='lat' dir='ltr'><strong>»charitate</strong></span> <span class='ocrx_word' id='word_1_57' title='bbox 291 818 470 860; x_wconf 86' lang='lat' dir='ltr'><strong>invicem</strong></span> <span class='ocrx_word' id='word_1_58' title='bbox 493 828 535 860; x_wconf 91' lang='lat' dir='ltr'><strong>et</strong></span> <span class='ocrx_word' id='word_1_59' title='bbox 558 819 597 860; x_wconf 91' lang='lat' dir='ltr'><strong>in</strong></span> <span class='ocrx_word' id='word_1_60' title='bbox 621 833 766 860; x_wconf 87' lang='lat' dir='ltr'><strong>omnes</strong></span> <span class='ocrx_word' id='word_1_61' title='bbox 784 851 793 865; x_wconf 92' lang='lat'><em>‚</em></span> <span class='ocrx_word' id='word_1_62' title='bbox 820 819 926 859; x_wconf 86' lang='lat' dir='ltr'><strong>sieut</strong></span> <span class='ocrx_word' id='word_1_63' title='bbox 951 826 992 859; x_wconf 89' lang='lat' dir='ltr'><strong>et</strong></span> <span class='ocrx_word' id='word_1_64' title='bbox 1013 833 1087 858; x_wconf 91' lang='lat' dir='ltr'><strong>nos</strong></span> <span class='ocrx_word' id='word_1_65' title='bbox 1107 818 1146 858; x_wconf 91' lang='lat' dir='ltr'><strong>in</strong></span> <span class='ocrx_word' id='word_1_66' title='bbox 1168 818 1308 866; x_wconf 73' lang='lat' dir='ltr'><strong>vobis,</strong></span> <span class='ocrx_word' id='word_1_67' title='bbox 1336 819 1385 859; x_wconf 79' lang='lat' dir='ltr'><strong>ad</strong></span> 
     </span>
     <span class='ocr_line' id='line_1_9' title="bbox 37 885 1388 943; baseline 0.001 -16"><span class='ocrx_word' id='word_1_68' title='bbox 37 905 53 927; x_wconf 69' lang='grc' dir='ltr'><strong>ι)</strong></span> <span class='ocrx_word' id='word_1_69' title='bbox 69 885 354 929; x_wconf 79' lang='lat' dir='ltr'><strong>confirmanda</strong></span> <span class='ocrx_word' id='word_1_70' title='bbox 375 890 501 930; x_wconf 83' lang='lat' dir='ltr'><strong>corda</strong></span> <span class='ocrx_word' id='word_1_71' title='bbox 524 897 658 929; x_wconf 81' lang='lat' dir='ltr'><strong>vestra</strong></span> <span class='ocrx_word' id='word_1_72' title='bbox 681 888 768 929; x_wconf 86' lang='lat' dir='ltr'><strong>sine</strong></span> <span class='ocrx_word' id='word_1_73' title='bbox 797 889 964 943; x_wconf 79' lang='lat' dir='ltr'><strong>querela</strong></span> <span class='ocrx_word' id='word_1_74' title='bbox 988 887 1029 927; x_wconf 90' lang='lat' dir='ltr'><strong>in</strong></span> <span class='ocrx_word' id='word_1_75' title='bbox 1057 886 1388 929; x_wconf 75' lang='lat' dir='ltr'><strong>sanctificatione</strong></span> 
     </span>
     <span class='ocr_line' id='line_1_10' title="bbox 39 956 1320 1000; baseline 0 -4"><span class='ocrx_word' id='word_1_76' title='bbox 39 974 56 996; x_wconf 74' lang='grc' dir='ltr'><strong>ι)</strong></span> <span class='ocrx_word' id='word_1_77' title='bbox 71 971 210 999; x_wconf 83' lang='lat' dir='ltr'><strong>coram</strong></span> <span class='ocrx_word' id='word_1_78' title='bbox 230 958 319 1000; x_wconf 85' lang='lat' dir='ltr'><strong>Deo</strong></span> <span class='ocrx_word' id='word_1_79' title='bbox 340 965 379 998; x_wconf 88' lang='lat' dir='ltr'><strong>et</strong></span> <span class='ocrx_word' id='word_1_80' title='bbox 396 958 517 1000; x_wconf 76' lang='lat' dir='ltr'><strong>Patre</strong></span> <span class='ocrx_word' id='word_1_81' title='bbox 537 967 679 1000; x_wconf 86' lang='lat' dir='ltr'><strong>nostro</strong></span> <span class='ocrx_word' id='word_1_82' title='bbox 701 957 741 998; x_wconf 91' lang='lat' dir='ltr'><strong>in</strong></span> <span class='ocrx_word' id='word_1_83' title='bbox 761 959 939 999; x_wconf 80' lang='lat' dir='ltr'><strong>adventu</strong></span> <span class='ocrx_word' id='word_1_84' title='bbox 962 956 1130 997; x_wconf 85' lang='lat' dir='ltr'><strong>Domini</strong></span> <span class='ocrx_word' id='word_1_85' title='bbox 1153 956 1320 998; x_wconf 76' lang='lat' dir='ltr'><strong>Jesu&#39;.»</strong></span> 
     </span>
    </p>

    <p class='ocr_par' dir='ltr' id='par_1_3' title="bbox 41 1027 1401 1503">
     <span class='ocr_line' id='line_1_11' title="bbox 98 1027 1389 1085; baseline -0.001 -15"><span class='ocrx_word' id='word_1_86' title='bbox 98 1027 272 1070; x_wconf 89' lang='lat' dir='ltr'>XCVII.</span> <span class='ocrx_word' id='word_1_87' title='bbox 314 1028 416 1078; x_wconf 82' lang='lat' dir='ltr'><strong>Quis</strong></span> <span class='ocrx_word' id='word_1_88' title='bbox 438 1037 502 1070; x_wconf 86' lang='lat' dir='ltr'><strong>est</strong></span> <span class='ocrx_word' id='word_1_89' title='bbox 527 1028 651 1085; x_wconf 83' lang='lat' dir='ltr'><strong>igitur</strong></span> <span class='ocrx_word' id='word_1_90' title='bbox 669 1029 874 1070; x_wconf 83' lang='lat' dir='ltr'><strong>Dominus</strong></span> <span class='ocrx_word' id='word_1_91' title='bbox 890 1059 901 1076; x_wconf 90' lang='lat'><strong><em>,</em></strong></span> <span class='ocrx_word' id='word_1_92' title='bbox 927 1028 996 1083; x_wconf 88' lang='lat' dir='ltr'><strong>qui</strong></span> <span class='ocrx_word' id='word_1_93' title='bbox 1020 1028 1270 1083; x_wconf 86' lang='lat' dir='ltr'><strong>multiplicet</strong></span> <span class='ocrx_word' id='word_1_94' title='bbox 1291 1043 1364 1069; x_wconf 88' lang='lat' dir='ltr'><strong>nos</strong></span> <span class='ocrx_word' id='word_1_95' title='bbox 1380 1063 1389 1078; x_wconf 88' lang='lat'><strong><em>,</em></strong></span> 
     </span>
     <span class='ocr_line' id='line_1_12' title="bbox 41 1096 1393 1139; baseline 0.001 -1"><span class='ocrx_word' id='word_1_96' title='bbox 41 1105 83 1139; x_wconf 85' lang='lat' dir='ltr'><strong>et</strong></span> <span class='ocrx_word' id='word_1_97' title='bbox 106 1097 320 1139; x_wconf 78' lang='lat' dir='ltr'><strong>abundare</strong></span> <span class='ocrx_word' id='word_1_98' title='bbox 340 1098 464 1139; x_wconf 77' lang='lat' dir='ltr'><strong>saciat</strong></span> <span class='ocrx_word' id='word_1_99' title='bbox 486 1113 628 1139; x_wconf 83' lang='lat' dir='ltr'><strong>coram</strong></span> <span class='ocrx_word' id='word_1_100' title='bbox 656 1098 744 1139; x_wconf 93' lang='lat' dir='ltr'><strong>Deo</strong></span> <span class='ocrx_word' id='word_1_101' title='bbox 767 1106 808 1138; x_wconf 88' lang='lat' dir='ltr'><strong>et</strong></span> <span class='ocrx_word' id='word_1_102' title='bbox 834 1098 956 1138; x_wconf 79' lang='lat' dir='ltr'><strong>Patre</strong></span> <span class='ocrx_word' id='word_1_103' title='bbox 978 1106 1121 1138; x_wconf 83' lang='lat' dir='ltr'><strong>nostro</strong></span> <span class='ocrx_word' id='word_1_104' title='bbox 1146 1096 1186 1137; x_wconf 91' lang='lat' dir='ltr'><strong>in</strong></span> <span class='ocrx_word' id='word_1_105' title='bbox 1212 1098 1393 1139; x_wconf 80' lang='lat' dir='ltr'><strong>adventu</strong></span> 
     </span>
     <span class='ocr_line' id='line_1_13' title="bbox 44 1166 1396 1225; baseline 0.002 -18"><span class='ocrx_word' id='word_1_106' title='bbox 44 1167 216 1208; x_wconf 82' lang='lat' dir='ltr'><strong>Domini</strong></span> <span class='ocrx_word' id='word_1_107' title='bbox 241 1166 374 1208; x_wconf 74' lang='lat' dir='ltr'><strong>Jesu?</strong></span> <span class='ocrx_word' id='word_1_108' title='bbox 408 1167 571 1209; x_wconf 78' lang='lat' dir='ltr'><strong>Patrem</strong></span> <span class='ocrx_word' id='word_1_109' title='bbox 599 1167 719 1216; x_wconf 80' lang='lat' dir='ltr'><strong>dixit,</strong></span> <span class='ocrx_word' id='word_1_110' title='bbox 744 1176 785 1209; x_wconf 87' lang='lat' dir='ltr'><strong>et</strong></span> <span class='ocrx_word' id='word_1_111' title='bbox 815 1167 967 1209; x_wconf 89' lang='lat' dir='ltr'><strong>Filium</strong></span> <span class='ocrx_word' id='word_1_112' title='bbox 990 1167 1091 1209; x_wconf 82' lang='lat' dir='ltr'><strong>dixit</strong></span> <span class='ocrx_word' id='word_1_113' title='bbox 1117 1182 1125 1208; x_wconf 89' lang='lat'>:</span> <span class='ocrx_word' id='word_1_114' title='bbox 1151 1183 1275 1223; x_wconf 86' lang='lat' dir='ltr'><strong>quem</strong></span> <span class='ocrx_word' id='word_1_115' title='bbox 1298 1184 1396 1225; x_wconf 81' lang='lat' dir='ltr'><strong>ergo</strong></span> 
     </span>
     <span class='ocr_line' id='line_1_14' title="bbox 43 1235 1398 1292; baseline 0.001 -14"><span class='ocrx_word' id='word_1_116' title='bbox 43 1250 141 1278; x_wconf 88' lang='lat' dir='ltr'><strong>cum</strong></span> <span class='ocrx_word' id='word_1_117' title='bbox 168 1235 289 1277; x_wconf 77' lang='lat' dir='ltr'><strong>Patre</strong></span> <span class='ocrx_word' id='word_1_118' title='bbox 310 1244 350 1277; x_wconf 86' lang='lat' dir='ltr'><strong>et</strong></span> <span class='ocrx_word' id='word_1_119' title='bbox 373 1236 479 1278; x_wconf 88' lang='lat' dir='ltr'><strong>Filio</strong></span> <span class='ocrx_word' id='word_1_120' title='bbox 501 1245 653 1292; x_wconf 78' lang='lat' dir='ltr'><strong>praeter</strong></span> <span class='ocrx_word' id='word_1_121' title='bbox 684 1236 888 1292; x_wconf 85' lang='lat' dir='ltr'><strong>Spiritum</strong></span> <span class='ocrx_word' id='word_1_122' title='bbox 912 1236 1076 1292; x_wconf 75' lang='lat' dir='ltr'><strong>junxit?</strong></span> <span class='ocrx_word' id='word_1_123' title='bbox 1098 1237 1202 1288; x_wconf 87' lang='lat' dir='ltr'><strong>Quis</strong></span> <span class='ocrx_word' id='word_1_124' title='bbox 1235 1246 1296 1279; x_wconf 87' lang='lat' dir='ltr'><strong>est</strong></span> <span class='ocrx_word' id='word_1_125' title='bbox 1317 1238 1398 1279; x_wconf 91' lang='lat' dir='ltr'><strong>Do·</strong></span> 
     </span>
     <span class='ocr_line' id='line_1_15' title="bbox 43 1306 1401 1362; baseline 0.001 -14"><span class='ocrx_word' id='word_1_126' title='bbox 43 1306 182 1348; x_wconf 90' lang='lat' dir='ltr'><strong>minus</strong></span> <span class='ocrx_word' id='word_1_127' title='bbox 201 1306 273 1362; x_wconf 88' lang='lat' dir='ltr'><strong>qui</strong></span> <span class='ocrx_word' id='word_1_128' title='bbox 291 1308 416 1348; x_wconf 82' lang='lat' dir='ltr'><strong>corda</strong></span> <span class='ocrx_word' id='word_1_129' title='bbox 435 1315 574 1348; x_wconf 80' lang='lat' dir='ltr'><strong>nostra</strong></span> <span class='ocrx_word' id='word_1_130' title='bbox 591 1307 630 1348; x_wconf 91' lang='lat' dir='ltr'><strong>in</strong></span> <span class='ocrx_word' id='word_1_131' title='bbox 647 1306 983 1349; x_wconf 78' lang='lat' dir='ltr'><strong>sanctificatione</strong></span> <span class='ocrx_word' id='word_1_132' title='bbox 999 1306 1250 1349; x_wconf 72' lang='lat' dir='ltr'><strong>confirmet?</strong></span> <span class='ocrx_word' id='word_1_133' title='bbox 1267 1308 1401 1350; x_wconf 83' lang='lat' dir='ltr'><strong>Sanc·-</strong></span> 
     </span>
     <span class='ocr_line' id='line_1_16' title="bbox 46 1375 1399 1434; baseline 0.001 -15"><span class='ocrx_word' id='word_1_134' title='bbox 46 1375 220 1419; x_wconf 82' lang='lat' dir='ltr'><strong>tificatio</strong></span> <span class='ocrx_word' id='word_1_135' title='bbox 243 1376 354 1418; x_wconf 89' lang='lat' dir='ltr'><strong>enim</strong></span> <span class='ocrx_word' id='word_1_136' title='bbox 378 1377 509 1433; x_wconf 79' lang='lat' dir='ltr'><strong>gratia</strong></span> <span class='ocrx_word' id='word_1_137' title='bbox 527 1377 724 1434; x_wconf 85' lang='lat' dir='ltr'><strong>spiritalis</strong></span> <span class='ocrx_word' id='word_1_138' title='bbox 748 1387 838 1426; x_wconf 80' lang='lat' dir='ltr'><strong>est,</strong></span> <span class='ocrx_word' id='word_1_139' title='bbox 862 1378 1027 1419; x_wconf 85' lang='lat' dir='ltr'><strong>sicutet</strong></span> <span class='ocrx_word' id='word_1_140' title='bbox 1050 1377 1155 1419; x_wconf 79' lang='lat' dir='ltr'><strong>infra</strong></span> <span class='ocrx_word' id='word_1_141' title='bbox 1179 1378 1307 1420; x_wconf 78' lang='lat' dir='ltr'><strong>dixit:</strong></span> <span class='ocrx_word' id='word_1_142' title='bbox 1325 1378 1399 1420; x_wconf 84' lang='lat' dir='ltr'><strong>«In</strong></span> 
     </span>
     <span class='ocr_line' id='line_1_17' title="bbox 47 1446 1085 1503; baseline -0.001 -16"><span class='ocrx_word' id='word_1_143' title='bbox 47 1464 63 1487; x_wconf 68' lang='lat' dir='ltr'><strong>n</strong></span> <span class='ocrx_word' id='word_1_144' title='bbox 78 1446 409 1488; x_wconf 75' lang='lat' dir='ltr'><strong>sanctificatione</strong></span> <span class='ocrx_word' id='word_1_145' title='bbox 432 1446 632 1503; x_wconf 81' lang='lat' dir='ltr'><strong>Spiritus,</strong></span> <span class='ocrx_word' id='word_1_146' title='bbox 658 1455 698 1488; x_wconf 90' lang='lat' dir='ltr'><strong>et</strong></span> <span class='ocrx_word' id='word_1_147' title='bbox 726 1447 808 1489; x_wconf 82' lang='lat' dir='ltr'><strong>fide</strong></span> <span class='ocrx_word' id='word_1_148' title='bbox 829 1447 1013 1489; x_wconf 76' lang='lat' dir='ltr'><strong>veritatis</strong></span> <span class='ocrx_word' id='word_1_149' title='bbox 1031 1448 1085 1489; x_wconf 82' lang='lat'><strong>².»</strong></span> 
     </span>
    </p>

    <p class='ocr_par' dir='ltr' id='par_1_4' title="bbox 48 1517 1406 2066">
     <span class='ocr_line' id='line_1_18' title="bbox 106 1517 1403 1576; baseline 0.001 -17"><span class='ocrx_word' id='word_1_150' title='bbox 106 1517 297 1560; x_wconf 83' lang='lat' dir='ltr'>XCVIII.</span> <span class='ocrx_word' id='word_1_151' title='bbox 325 1517 462 1568; x_wconf 86' lang='lat' dir='ltr'><strong>Quem</strong></span> <span class='ocrx_word' id='word_1_152' title='bbox 476 1518 632 1574; x_wconf 75' lang='lat' dir='ltr'><strong>putatis</strong></span> <span class='ocrx_word' id='word_1_153' title='bbox 649 1533 748 1574; x_wconf 76' lang='lat' dir='ltr'><strong>ergo</strong></span> <span class='ocrx_word' id='word_1_154' title='bbox 773 1518 841 1559; x_wconf 88' lang='lat' dir='ltr'><strong>hie</strong></span> <span class='ocrx_word' id='word_1_155' title='bbox 865 1517 1114 1566; x_wconf 88' lang='lat' dir='ltr'><strong>Dominum,</strong></span> <span class='ocrx_word' id='word_1_156' title='bbox 1136 1526 1287 1575; x_wconf 75' lang='lat' dir='ltr'><strong>praeter</strong></span> <span class='ocrx_word' id='word_1_157' title='bbox 1304 1519 1403 1576; x_wconf 47' lang='lat' dir='ltr'><strong>spi„</strong></span> 
     </span>
     <span class='ocr_line' id='line_1_19' title="bbox 48 1587 1399 1646; baseline 0.001 -16"><span class='ocrx_word' id='word_1_158' title='bbox 48 1588 178 1630; x_wconf 84' lang='lat' dir='ltr'><strong>ritum</strong></span> <span class='ocrx_word' id='word_1_159' title='bbox 204 1587 527 1644; x_wconf 71' lang='lat' dir='ltr'><strong>nuncupatum?</strong></span> <span class='ocrx_word' id='word_1_160' title='bbox 549 1587 636 1629; x_wconf 88' lang='lat' dir='ltr'><strong>Nee</strong></span> <span class='ocrx_word' id='word_1_161' title='bbox 660 1587 772 1628; x_wconf 80' lang='lat' dir='ltr'><strong>Deus</strong></span> <span class='ocrx_word' id='word_1_162' title='bbox 796 1588 917 1629; x_wconf 82' lang='lat' dir='ltr'><strong>Pater</strong></span> <span class='ocrx_word' id='word_1_163' title='bbox 948 1587 1100 1629; x_wconf 86' lang='lat' dir='ltr'><strong>docere</strong></span> <span class='ocrx_word' id='word_1_164' title='bbox 1129 1604 1200 1629; x_wconf 75' lang='lat' dir='ltr'><strong>vos</strong></span> <span class='ocrx_word' id='word_1_165' title='bbox 1232 1590 1369 1646; x_wconf 86' lang='lat' dir='ltr'><strong>potuit</strong></span> <span class='ocrx_word' id='word_1_166' title='bbox 1389 1623 1399 1639; x_wconf 95' lang='lat'><em>‚</em></span> 
     </span>
     <span class='ocr_line' id='line_1_20' title="bbox 52 1657 1405 1714; baseline 0.002 -16"><span class='ocrx_word' id='word_1_167' title='bbox 52 1658 121 1714; x_wconf 87' lang='lat' dir='ltr'><strong>qni</strong></span> <span class='ocrx_word' id='word_1_168' title='bbox 144 1659 199 1699; x_wconf 82' lang='lat' dir='ltr'><strong>ait</strong></span> <span class='ocrx_word' id='word_1_169' title='bbox 224 1673 266 1699; x_wconf 82' lang='lat' dir='ltr'><strong>t«</strong></span> <span class='ocrx_word' id='word_1_170' title='bbox 295 1657 431 1714; x_wconf 87' lang='lat' dir='ltr'><strong>Super</strong></span> <span class='ocrx_word' id='word_1_171' title='bbox 451 1673 577 1714; x_wconf 82' lang='lat' dir='ltr'><strong>quem</strong></span> <span class='ocrx_word' id='word_1_172' title='bbox 606 1658 756 1699; x_wconf 84' lang='lat' dir='ltr'><strong>videris</strong></span> <span class='ocrx_word' id='word_1_173' title='bbox 780 1657 984 1714; x_wconf 82' lang='lat' dir='ltr'><strong>Spiritum</strong></span> <span class='ocrx_word' id='word_1_174' title='bbox 1013 1658 1336 1700; x_wconf 86' lang='lat' dir='ltr'><strong>descendentem</strong></span> <span class='ocrx_word' id='word_1_175' title='bbox 1364 1669 1405 1701; x_wconf 77' lang='lat' dir='ltr'><strong>et</strong></span> 
     </span>
     <span class='ocr_line' id='line_1_21' title="bbox 53 1728 1404 1786; baseline 0.001 -17"><span class='ocrx_word' id='word_1_176' title='bbox 53 1737 323 1771; x_wconf 75' lang='lat' dir='ltr'><strong>»manentem</strong></span> <span class='ocrx_word' id='word_1_177' title='bbox 349 1744 476 1785; x_wconf 88' lang='lat' dir='ltr'><strong>super</strong></span> <span class='ocrx_word' id='word_1_178' title='bbox 496 1743 619 1777; x_wconf 85' lang='lat' dir='ltr'><strong>eum,</strong></span> <span class='ocrx_word' id='word_1_179' title='bbox 656 1728 725 1770; x_wconf 91' lang='lat' dir='ltr'><strong>hic</strong></span> <span class='ocrx_word' id='word_1_180' title='bbox 759 1728 914 1783; x_wconf 83' lang='lat' dir='ltr'><strong>estqui</strong></span> <span class='ocrx_word' id='word_1_181' title='bbox 944 1728 1132 1784; x_wconf 81' lang='lat' dir='ltr'><strong>baptizat</strong></span> <span class='ocrx_word' id='word_1_182' title='bbox 1173 1728 1213 1770; x_wconf 92' lang='lat' dir='ltr'><strong>in</strong></span> <span class='ocrx_word' id='word_1_183' title='bbox 1248 1729 1404 1786; x_wconf 77' lang='lat' dir='ltr'><strong>Spiritu</strong></span> 
     </span>
     <span class='ocr_line' id='line_1_22' title="bbox 55 1797 1402 1854; baseline 0.001 -15"><span class='ocrx_word' id='word_1_184' title='bbox 55 1798 549 1842; x_wconf 75' lang='lat' dir='ltr'><strong>»saneto³?»Descendit</strong></span> <span class='ocrx_word' id='word_1_185' title='bbox 570 1798 682 1839; x_wconf 88' lang='lat' dir='ltr'><strong>enim</strong></span> <span class='ocrx_word' id='word_1_186' title='bbox 705 1797 882 1854; x_wconf 83' lang='lat' dir='ltr'><strong>Spiritus</strong></span> <span class='ocrx_word' id='word_1_187' title='bbox 906 1797 948 1838; x_wconf 89' lang='lat' dir='ltr'><strong>in</strong></span> <span class='ocrx_word' id='word_1_188' title='bbox 974 1797 1111 1854; x_wconf 84' lang='lat' dir='ltr'><strong>specie</strong></span> <span class='ocrx_word' id='word_1_189' title='bbox 1135 1800 1342 1841; x_wconf 70' lang='lat' dir='ltr'><strong>columba:</strong></span> <span class='ocrx_word' id='word_1_190' title='bbox 1361 1801 1370 1820; x_wconf 66' lang='lat'>⁶</span> <span class='ocrx_word' id='word_1_191' title='bbox 1390 1818 1402 1849; x_wconf 83' lang='lat'>3</span> 
     </span>
     <span class='ocr_line' id='line_1_23' title="bbox 56 1867 1406 1926; baseline 0.001 -16"><span class='ocrx_word' id='word_1_192' title='bbox 56 1877 165 1911; x_wconf 88' lang='lat' dir='ltr'><strong>utet</strong></span> <span class='ocrx_word' id='word_1_193' title='bbox 194 1869 407 1926; x_wconf 70' lang='lat' dir='ltr'><strong>sapientia:</strong></span> <span class='ocrx_word' id='word_1_194' title='bbox 435 1867 725 1909; x_wconf 86' lang='lat' dir='ltr'><strong>testimonium</strong></span> <span class='ocrx_word' id='word_1_195' title='bbox 756 1867 912 1914; x_wconf 84' lang='lat' dir='ltr'><strong>ferret,</strong></span> <span class='ocrx_word' id='word_1_196' title='bbox 937 1875 973 1908; x_wconf 83' lang='lat' dir='ltr'><strong>et</strong></span> <span class='ocrx_word' id='word_1_197' title='bbox 999 1877 1310 1911; x_wconf 83' lang='lat' dir='ltr'><strong>sacramentum</strong></span> <span class='ocrx_word' id='word_1_198' title='bbox 1348 1869 1406 1911; x_wconf 73' lang='lat' dir='ltr'><strong>la-</strong></span> 
     </span>
     <span class='ocr_line' id='line_1_24' title="bbox 57 1937 1404 1995; baseline 0.001 -15"><span class='ocrx_word' id='word_1_199' title='bbox 57 1939 169 1981; x_wconf 84' lang='lat' dir='ltr'><strong>vacri</strong></span> <span class='ocrx_word' id='word_1_200' title='bbox 203 1938 396 1995; x_wconf 82' lang='lat' dir='ltr'><strong>spiritalis</strong></span> <span class='ocrx_word' id='word_1_201' title='bbox 420 1938 613 1995; x_wconf 77' lang='lat' dir='ltr'><strong>impleret</strong></span> <span class='ocrx_word' id='word_1_202' title='bbox 633 1969 643 1985; x_wconf 87' lang='lat'><strong><em>,</em></strong></span> <span class='ocrx_word' id='word_1_203' title='bbox 680 1945 721 1978; x_wconf 86' lang='lat' dir='ltr'><strong>et</strong></span> <span class='ocrx_word' id='word_1_204' title='bbox 750 1937 872 1978; x_wconf 77' lang='lat' dir='ltr'><strong>unius</strong></span> <span class='ocrx_word' id='word_1_205' title='bbox 895 1952 936 1978; x_wconf 86' lang='lat' dir='ltr'><strong>se</strong></span> <span class='ocrx_word' id='word_1_206' title='bbox 960 1951 1056 1977; x_wconf 88' lang='lat' dir='ltr'><strong>cum</strong></span> <span class='ocrx_word' id='word_1_207' title='bbox 1084 1937 1205 1979; x_wconf 80' lang='lat' dir='ltr'><strong>Patre</strong></span> <span class='ocrx_word' id='word_1_208' title='bbox 1228 1946 1270 1981; x_wconf 89' lang='lat' dir='ltr'><strong>et</strong></span> <span class='ocrx_word' id='word_1_209' title='bbox 1298 1940 1404 1981; x_wconf 88' lang='lat' dir='ltr'><strong>Filio</strong></span> 
     </span>
     <span class='ocr_line' id='line_1_25' title="bbox 58 2009 591 2066; baseline 0 -17"><span class='ocrx_word' id='word_1_210' title='bbox 58 2009 310 2066; x_wconf 84' lang='lat' dir='ltr'><strong>operationis</strong></span> <span class='ocrx_word' id='word_1_211' title='bbox 338 2009 591 2050; x_wconf 78' lang='lat' dir='ltr'><strong>ostenderet.</strong></span> 
     </span>
    </p>

    <p class='ocr_par' dir='ltr' id='par_1_5' title="bbox 62 2077 1415 2558">
     <span class='ocr_line' id='line_1_26' title="bbox 118 2077 1408 2135; baseline -0.001 -14"><span class='ocrx_word' id='word_1_212' title='bbox 118 2079 273 2122; x_wconf 88' lang='lat' dir='ltr'>XCIX.</span> <span class='ocrx_word' id='word_1_213' title='bbox 296 2079 356 2121; x_wconf 89' lang='lat' dir='ltr'><strong>Ac</strong></span> <span class='ocrx_word' id='word_1_214' title='bbox 374 2094 425 2120; x_wconf 87' lang='lat' dir='ltr'><strong>ne</strong></span> <span class='ocrx_word' id='word_1_215' title='bbox 443 2093 516 2135; x_wconf 85' lang='lat' dir='ltr'><strong>per</strong></span> <span class='ocrx_word' id='word_1_216' title='bbox 534 2077 859 2134; x_wconf 80' lang='lat' dir='ltr'><strong>imprudentiam</strong></span> <span class='ocrx_word' id='word_1_217' title='bbox 887 2078 1040 2134; x_wconf 83' lang='lat' dir='ltr'><strong>aliquid</strong></span> <span class='ocrx_word' id='word_1_218' title='bbox 1062 2078 1262 2120; x_wconf 81' lang='lat' dir='ltr'><strong>excidisse</strong></span> <span class='ocrx_word' id='word_1_219' title='bbox 1278 2078 1408 2135; x_wconf 84' lang='lat' dir='ltr'><strong>Apos-</strong></span> 
     </span>
     <span class='ocr_line' id='line_1_27' title="bbox 65 2148 1409 2205; baseline 0 -15"><span class='ocrx_word' id='word_1_220' title='bbox 65 2149 148 2191; x_wconf 84' lang='lat' dir='ltr'><strong>tolo</strong></span> <span class='ocrx_word' id='word_1_221' title='bbox 170 2148 390 2205; x_wconf 86' lang='lat' dir='ltr'><strong>judicetis,</strong></span> <span class='ocrx_word' id='word_1_222' title='bbox 426 2150 498 2190; x_wconf 80' lang='lat' dir='ltr'><strong>sed</strong></span> <span class='ocrx_word' id='word_1_223' title='bbox 525 2148 727 2189; x_wconf 86' lang='lat' dir='ltr'><strong>scientem</strong></span> <span class='ocrx_word' id='word_1_224' title='bbox 751 2148 1090 2204; x_wconf 77' lang='lat' dir='ltr'><strong>prudentemque</strong></span> <span class='ocrx_word' id='word_1_225' title='bbox 1117 2158 1156 2189; x_wconf 88' lang='lat' dir='ltr'><strong>et</strong></span> <span class='ocrx_word' id='word_1_226' title='bbox 1179 2157 1322 2190; x_wconf 78' lang='lat' dir='ltr'><strong>saneto</strong></span> <span class='ocrx_word' id='word_1_227' title='bbox 1345 2150 1409 2190; x_wconf 89' lang='lat' dir='ltr'><strong>in-</strong></span> 
     </span>
     <span class='ocr_line' id='line_1_28' title="bbox 62 2217 1410 2276; baseline -0.001 -15"><span class='ocrx_word' id='word_1_228' title='bbox 62 2219 200 2261; x_wconf 84' lang='lat' dir='ltr'><strong>susum</strong></span> <span class='ocrx_word' id='word_1_229' title='bbox 225 2220 385 2276; x_wconf 85' lang='lat' dir='ltr'><strong>Spiritu</strong></span> <span class='ocrx_word' id='word_1_230' title='bbox 408 2217 663 2275; x_wconf 75' lang='lat' dir='ltr'><strong>significasse</strong></span> <span class='ocrx_word' id='word_1_231' title='bbox 683 2218 927 2265; x_wconf 87' lang='lat' dir='ltr'><strong>Dominum,</strong></span> <span class='ocrx_word' id='word_1_232' title='bbox 955 2233 1076 2274; x_wconf 74' lang='lat' dir='ltr'><strong>quem</strong></span> <span class='ocrx_word' id='word_1_233' title='bbox 1101 2219 1235 2259; x_wconf 88' lang='lat' dir='ltr'><strong>Deum</strong></span> <span class='ocrx_word' id='word_1_234' title='bbox 1257 2219 1410 2260; x_wconf 71' lang='lat' dir='ltr'><strong>sentie-</strong></span> 
     </span>
     <span class='ocr_line' id='line_1_29' title="bbox 64 2288 1411 2345; baseline -0.001 -14"><span class='ocrx_word' id='word_1_235' title='bbox 64 2288 136 2330; x_wconf 86' lang='lat' dir='ltr'><strong>bat</strong></span> <span class='ocrx_word' id='word_1_236' title='bbox 155 2321 166 2338; x_wconf 88' lang='lat'>‚</span> <span class='ocrx_word' id='word_1_237' title='bbox 201 2291 326 2331; x_wconf 80' lang='lat' dir='ltr'><strong>etiam</strong></span> <span class='ocrx_word' id='word_1_238' title='bbox 352 2290 391 2330; x_wconf 90' lang='lat' dir='ltr'><strong>in</strong></span> <span class='ocrx_word' id='word_1_239' title='bbox 418 2289 602 2330; x_wconf 84' lang='lat' dir='ltr'><strong>secunda</strong></span> <span class='ocrx_word' id='word_1_240' title='bbox 627 2289 678 2329; x_wconf 81' lang='lat' dir='ltr'><strong>ad</strong></span> <span class='ocrx_word' id='word_1_241' title='bbox 701 2288 1094 2329; x_wconf 74' lang='lat' dir='ltr'><strong>Thessalonicenses</strong></span> <span class='ocrx_word' id='word_1_242' title='bbox 1118 2289 1298 2345; x_wconf 76' lang='lat' dir='ltr'><strong>Epistola</strong></span> <span class='ocrx_word' id='word_1_243' title='bbox 1333 2289 1411 2330; x_wconf 81' lang='lat' dir='ltr'><strong>hoc</strong></span> 
     </span>
     <span class='ocr_line' id='line_1_30' title="bbox 69 2347 1410 2416; baseline 0 -17"><span class='ocrx_word' id='word_1_244' title='bbox 69 2358 177 2400; x_wconf 85' lang='lat' dir='ltr'><strong>idem</strong></span> <span class='ocrx_word' id='word_1_245' title='bbox 213 2360 406 2416; x_wconf 84' lang='lat' dir='ltr'><strong>repetivit</strong></span> <span class='ocrx_word' id='word_1_246' title='bbox 438 2360 580 2401; x_wconf 86' lang='lat' dir='ltr'><strong>dicens</strong></span> <span class='ocrx_word' id='word_1_247' title='bbox 611 2375 619 2400; x_wconf 92' lang='lat'>:</span> <span class='ocrx_word' id='word_1_248' title='bbox 647 2377 661 2396; x_wconf 73' lang='lat' dir='ltr'><strong>e</strong></span> <span class='ocrx_word' id='word_1_249' title='bbox 684 2347 890 2401; x_wconf 83' lang='lat' dir='ltr'><strong>Dominus</strong></span> <span class='ocrx_word' id='word_1_250' title='bbox 925 2369 1063 2400; x_wconf 79' lang='lat' dir='ltr'><strong>antem</strong></span> <span class='ocrx_word' id='word_1_251' title='bbox 1103 2359 1253 2415; x_wconf 84' lang='lat' dir='ltr'><strong>dirigat</strong></span> <span class='ocrx_word' id='word_1_252' title='bbox 1286 2361 1410 2400; x_wconf 81' lang='lat' dir='ltr'><strong>corda</strong></span> 
     </span>
     <span class='ocr_line' id='line_1_31' title="bbox 71 2429 1414 2485; baseline -0.001 -14"><span class='ocrx_word' id='word_1_253' title='bbox 71 2437 234 2471; x_wconf 73' lang='lat' dir='ltr'><strong>»vestra</strong></span> <span class='ocrx_word' id='word_1_254' title='bbox 256 2431 297 2472; x_wconf 91' lang='lat' dir='ltr'><strong>in</strong></span> <span class='ocrx_word' id='word_1_255' title='bbox 321 2431 544 2472; x_wconf 86' lang='lat' dir='ltr'><strong>dilectione</strong></span> <span class='ocrx_word' id='word_1_256' title='bbox 567 2429 672 2477; x_wconf 90' lang='lat' dir='ltr'><strong>Dei,</strong></span> <span class='ocrx_word' id='word_1_257' title='bbox 703 2438 744 2470; x_wconf 89' lang='lat' dir='ltr'><strong>et</strong></span> <span class='ocrx_word' id='word_1_258' title='bbox 766 2430 966 2485; x_wconf 79' lang='lat' dir='ltr'><strong>patientia</strong></span> <span class='ocrx_word' id='word_1_259' title='bbox 989 2429 1205 2471; x_wconf 49' lang='lat' dir='ltr'><strong>Christiss.»</strong></span> <span class='ocrx_word' id='word_1_260' title='bbox 1221 2429 1263 2470; x_wconf 87' lang='lat' dir='ltr'><strong>Si</strong></span> <span class='ocrx_word' id='word_1_261' title='bbox 1288 2429 1414 2470; x_wconf 73' lang='lat' dir='ltr'><strong>dilcc-</strong></span> 
     </span>
     <span class='ocr_line' id='line_1_32' title="bbox 71 2499 1415 2558; baseline -0.002 -15"><span class='ocrx_word' id='word_1_262' title='bbox 71 2502 128 2544; x_wconf 87' lang='lat' dir='ltr'><strong>tio</strong></span> <span class='ocrx_word' id='word_1_263' title='bbox 145 2501 221 2544; x_wconf 89' lang='lat' dir='ltr'><strong>Dei</strong></span> <span class='ocrx_word' id='word_1_264' title='bbox 245 2510 306 2543; x_wconf 81' lang='lat' dir='ltr'><strong>est</strong></span> <span class='ocrx_word' id='word_1_265' title='bbox 322 2534 332 2550; x_wconf 89' lang='lat'>,</span> <span class='ocrx_word' id='word_1_266' title='bbox 358 2510 398 2543; x_wconf 85' lang='lat' dir='ltr'><strong>et</strong></span> <span class='ocrx_word' id='word_1_267' title='bbox 419 2501 573 2543; x_wconf 74' lang='lat' dir='ltr'><strong>Christi</strong></span> <span class='ocrx_word' id='word_1_268' title='bbox 595 2501 795 2558; x_wconf 82' lang='lat' dir='ltr'><strong>patientia</strong></span> <span class='ocrx_word' id='word_1_269' title='bbox 811 2533 820 2548; x_wconf 91' lang='lat'><strong>,</strong></span> <span class='ocrx_word' id='word_1_270' title='bbox 845 2500 935 2556; x_wconf 87' lang='lat' dir='ltr'><strong>quis</strong></span> <span class='ocrx_word' id='word_1_271' title='bbox 957 2510 1018 2542; x_wconf 86' lang='lat' dir='ltr'><strong>est</strong></span> <span class='ocrx_word' id='word_1_272' title='bbox 1035 2499 1238 2542; x_wconf 82' lang='lat' dir='ltr'><strong>Dominus</strong></span> <span class='ocrx_word' id='word_1_273' title='bbox 1263 2499 1333 2555; x_wconf 83' lang='lat' dir='ltr'><strong>qui</strong></span> <span class='ocrx_word' id='word_1_274' title='bbox 1356 2499 1415 2540; x_wconf 89' lang='lat' dir='ltr'><strong>di-</strong></span> 
     </span>
    </p>
   </div>
   <div class='ocr_carea' id='block_1_3' title="bbox 77 2601 1413 2697">
    <p class='ocr_par' dir='ltr' id='par_1_6' title="bbox 77 2601 1413 2697">
     <span class='ocr_line' id='line_1_33' title="bbox 119 2601 1413 2642; baseline -0.002 -7"><span class='ocrx_word' id='word_1_275' title='bbox 119 2612 128 2625; x_wconf 90' lang='lat'>¹</span> <span class='ocrx_word' id='word_1_276' title='bbox 155 2603 299 2638; x_wconf 75' lang='lat' dir='ltr'><strong>1Thess.</strong></span> <span class='ocrx_word' id='word_1_277' title='bbox 324 2615 373 2636; x_wconf 88' lang='grc' dir='ltr'>ιιι.</span> <span class='ocrx_word' id='word_1_278' title='bbox 404 2614 453 2642; x_wconf 79' lang='lat'><strong>12,</strong></span> <span class='ocrx_word' id='word_1_279' title='bbox 477 2603 526 2634; x_wconf 80' lang='lat'><strong>13.</strong></span> <span class='ocrx_word' id='word_1_280' title='bbox 544 2621 583 2627; x_wconf 92' lang='lat'>—</span> <span class='ocrx_word' id='word_1_281' title='bbox 603 2613 615 2627; x_wconf 62' lang='grc' dir='ltr'><strong>π</strong></span> <span class='ocrx_word' id='word_1_282' title='bbox 636 2612 651 2633; x_wconf 87' lang='lat'><strong>2</strong></span> <span class='ocrx_word' id='word_1_283' title='bbox 670 2602 780 2634; x_wconf 66' lang='lat' dir='ltr'><strong>Thess.</strong></span> <span class='ocrx_word' id='word_1_284' title='bbox 806 2613 840 2641; x_wconf 84' lang='lat'><strong>11,</strong></span> <span class='ocrx_word' id='word_1_285' title='bbox 870 2613 914 2632; x_wconf 64' lang='grc' dir='ltr'><strong>ια.</strong></span> <span class='ocrx_word' id='word_1_286' title='bbox 939 2621 974 2625; x_wconf 95' lang='grc'><strong>-</strong></span> <span class='ocrx_word' id='word_1_287' title='bbox 992 2603 1005 2625; x_wconf 80' lang='lat'>³</span> <span class='ocrx_word' id='word_1_288' title='bbox 1023 2602 1118 2634; x_wconf 81' lang='lat' dir='ltr'><strong>Joan.</strong></span> <span class='ocrx_word' id='word_1_289' title='bbox 1140 2613 1159 2636; x_wconf 75' lang='grc' dir='ltr'><strong>ι,</strong></span> <span class='ocrx_word' id='word_1_290' title='bbox 1180 2601 1229 2632; x_wconf 75' lang='grc'><strong>35.</strong></span> <span class='ocrx_word' id='word_1_291' title='bbox 1248 2602 1315 2627; x_wconf 74' lang='grc'><strong>-4</strong></span> <span class='ocrx_word' id='word_1_292' title='bbox 1336 2601 1413 2632; x_wconf 83' lang='lat' dir='ltr'><strong>Luc.</strong></span> 
     </span>
     <span class='ocr_line' id='line_1_34' title="bbox 77 2658 556 2697; baseline -0.002 -8"><span class='ocrx_word' id='word_1_293' title='bbox 77 2668 127 2697; x_wconf 83' lang='grc' dir='ltr'>ιιι,</span> <span class='ocrx_word' id='word_1_294' title='bbox 144 2669 198 2690; x_wconf 83' lang='lat'><strong>22.</strong></span> <span class='ocrx_word' id='word_1_295' title='bbox 217 2676 255 2682; x_wconf 91' lang='lat'>-</span> <span class='ocrx_word' id='word_1_296' title='bbox 276 2660 288 2681; x_wconf 88' lang='lat'>⁵</span> <span class='ocrx_word' id='word_1_297' title='bbox 305 2668 321 2688; x_wconf 89' lang='lat'>2</span> <span class='ocrx_word' id='word_1_298' title='bbox 337 2658 448 2691; x_wconf 77' lang='lat' dir='ltr'><strong>Thess.</strong></span> <span class='ocrx_word' id='word_1_299' title='bbox 465 2669 513 2695; x_wconf 82' lang='grc' dir='ltr'>ιιι,</span> <span class='ocrx_word' id='word_1_300' title='bbox 530 2659 556 2688; x_wconf 85' lang='grc'><strong>5.</strong></span> 
     </span>
    </p>
   </div>
   <div class='ocr_carea' id='block_1_4' title="bbox 199 2725 1270 2764">
    <p class='ocr_par' dir='ltr' id='par_1_7' title="bbox 199 2725 1270 2764">
     <span class='ocr_line' id='line_1_35' title="bbox 199 2725 1270 2764; baseline -0.005 -10"><span class='ocrx_word' id='word_1_301' title='bbox 199 2727 277 2754; x_wconf 75' lang='lat' dir='ltr'><strong>mx.</strong></span> <span class='ocrx_word' id='word_1_302' title='bbox 1220 2725 1239 2749; x_wconf 86' lang='lat'><strong>2</strong></span> <span class='ocrx_word' id='word_1_303' title='bbox 1250 2725 1270 2764; x_wconf 77' lang='lat'>7</span> 
     </span>
    </p>
   </div>
  </div>
 </body>
</html>
