<?xml version="1.0" encoding="UTF-8"?>
<!DOCTYPE html PUBLIC "-//W3C//DTD XHTML 1.0 Transitional//EN"
    "http://www.w3.org/TR/xhtml1/DTD/xhtml1-transitional.dtd">
<html xmlns="http://www.w3.org/1999/xhtml" xml:lang="en" lang="en">
 <head>
  <title>
</title>
<meta http-equiv="Content-Type" content="text/html;charset=utf-8" />
  <meta name='ocr-system' content='tesseract 3.04.00' />
  <meta name='ocr-capabilities' content='ocr_page ocr_carea ocr_par ocr_line ocrx_word'/>
</head>
<body>
  <div class='ocr_page' id='page_1' title='image "./omniaequaeextant06ambruoft_0198.png"; bbox 0 0 1806 3256; ppageno 0'>
   <div class='ocr_carea' id='block_1_1' title="bbox 355 246 1171 288">
    <p class='ocr_par' dir='ltr' id='par_1_1' title="bbox 355 246 1171 288">
     <span class='ocr_line' id='line_1_1' title="bbox 355 246 1171 288; baseline 0.001 -1"><span class='ocrx_word' id='word_1_1' title='bbox 355 246 432 287; x_wconf 80' lang='lat'>182</span> <span class='ocrx_word' id='word_1_2' title='bbox 910 261 941 287; x_wconf 85' lang='lat' dir='ltr'>s.</span> <span class='ocrx_word' id='word_1_3' title='bbox 982 261 1171 288; x_wconf 74' lang='lat' dir='ltr'>Ammosn</span> 
     </span>
    </p>
   </div>
   <div class='ocr_carea' id='block_1_2' title="bbox 303 337 1702 2573">
    <p class='ocr_par' dir='ltr' id='par_1_2' title="bbox 349 337 1702 591">
     <span class='ocr_line' id='line_1_2' title="bbox 350 337 1702 398; baseline 0.004 -18"><span class='ocrx_word' id='word_1_4' title='bbox 350 337 482 393; x_wconf 80' lang='lat' dir='ltr'>magis</span> <span class='ocrx_word' id='word_1_5' title='bbox 503 338 700 380; x_wconf 82' lang='lat' dir='ltr'>convenit</span> <span class='ocrx_word' id='word_1_6' title='bbox 723 338 805 381; x_wconf 88' lang='lat' dir='ltr'>hoc</span> <span class='ocrx_word' id='word_1_7' title='bbox 823 347 958 380; x_wconf 77' lang='lat' dir='ltr'>totum</span> <span class='ocrx_word' id='word_1_8' title='bbox 975 339 1263 396; x_wconf 80' lang='lat' dir='ltr'>Apostolicum</span> <span class='ocrx_word' id='word_1_9' title='bbox 1284 349 1410 398; x_wconf 85' lang='lat' dir='ltr'>caput</span> <span class='ocrx_word' id='word_1_10' title='bbox 1427 373 1436 389; x_wconf 90' lang='lat'><strong>,</strong></span> <span class='ocrx_word' id='word_1_11' title='bbox 1456 342 1644 384; x_wconf 82' lang='lat' dir='ltr'>videmus</span> <span class='ocrx_word' id='word_1_12' title='bbox 1659 352 1702 386; x_wconf 85' lang='lat' dir='ltr'>et</span> 
     </span>
     <span class='ocr_line' id='line_1_3' title="bbox 351 408 1701 471; baseline 0.004 -22"><span class='ocrx_word' id='word_1_13' title='bbox 351 410 402 453; x_wconf 89' lang='lat' dir='ltr'>de</span> <span class='ocrx_word' id='word_1_14' title='bbox 427 408 534 450; x_wconf 91' lang='lat' dir='ltr'>Filio</span> <span class='ocrx_word' id='word_1_15' title='bbox 554 423 643 450; x_wconf 85' lang='lat' dir='ltr'>esse</span> <span class='ocrx_word' id='word_1_16' title='bbox 666 411 924 452; x_wconf 88' lang='lat' dir='ltr'>credendum</span> <span class='ocrx_word' id='word_1_17' title='bbox 943 442 952 456; x_wconf 91' lang='lat'><em>‚</em></span> <span class='ocrx_word' id='word_1_18' title='bbox 973 411 1069 465; x_wconf 88' lang='lat' dir='ltr'>quia</span> <span class='ocrx_word' id='word_1_19' title='bbox 1085 425 1134 451; x_wconf 90' lang='lat' dir='ltr'>ex</span> <span class='ocrx_word' id='word_1_20' title='bbox 1151 410 1239 467; x_wconf 85' lang='lat' dir='ltr'>ipso</span> <span class='ocrx_word' id='word_1_21' title='bbox 1261 412 1401 454; x_wconf 88' lang='lat' dir='ltr'>omnia</span> <span class='ocrx_word' id='word_1_22' title='bbox 1417 445 1426 460; x_wconf 92' lang='lat'>,</span> <span class='ocrx_word' id='word_1_23' title='bbox 1446 411 1553 454; x_wconf 89' lang='lat' dir='ltr'>sicut</span> <span class='ocrx_word' id='word_1_24' title='bbox 1574 413 1701 471; x_wconf 88' lang='lat' dir='ltr'>scrip-</span> 
     </span>
     <span class='ocr_line' id='line_1_4' title="bbox 349 478 1700 539; baseline 0.004 -19"><span class='ocrx_word' id='word_1_25' title='bbox 349 487 439 520; x_wconf 90' lang='lat' dir='ltr'>tum</span> <span class='ocrx_word' id='word_1_26' title='bbox 464 487 526 520; x_wconf 71' lang='lat' dir='ltr'>cst</span> <span class='ocrx_word' id='word_1_27' title='bbox 544 495 552 518; x_wconf 96' lang='lat'><strong>:</strong></span> <span class='ocrx_word' id='word_1_28' title='bbox 573 496 587 515; x_wconf 79' lang='grc' dir='ltr'>α</span> <span class='ocrx_word' id='word_1_29' title='bbox 605 478 814 529; x_wconf 81' lang='lat' dir='ltr'>Quoniam</span> <span class='ocrx_word' id='word_1_30' title='bbox 832 494 882 520; x_wconf 86' lang='lat' dir='ltr'>ex</span> <span class='ocrx_word' id='word_1_31' title='bbox 900 480 988 535; x_wconf 89' lang='lat' dir='ltr'>ipso</span> <span class='ocrx_word' id='word_1_32' title='bbox 1006 512 1014 526; x_wconf 91' lang='lat'><em>‚</em></span> <span class='ocrx_word' id='word_1_33' title='bbox 1031 485 1072 520; x_wconf 85' lang='lat' dir='ltr'>et</span> <span class='ocrx_word' id='word_1_34' title='bbox 1096 495 1169 536; x_wconf 90' lang='lat' dir='ltr'>per</span> <span class='ocrx_word' id='word_1_35' title='bbox 1191 480 1325 537; x_wconf 87' lang='lat' dir='ltr'>ipsum</span> <span class='ocrx_word' id='word_1_36' title='bbox 1344 514 1352 529; x_wconf 82' lang='lat'><em>‚</em></span> <span class='ocrx_word' id='word_1_37' title='bbox 1371 490 1413 522; x_wconf 91' lang='lat' dir='ltr'>et</span> <span class='ocrx_word' id='word_1_38' title='bbox 1437 482 1476 522; x_wconf 94' lang='lat' dir='ltr'>in</span> <span class='ocrx_word' id='word_1_39' title='bbox 1495 482 1584 539; x_wconf 90' lang='lat' dir='ltr'>ipso</span> <span class='ocrx_word' id='word_1_40' title='bbox 1603 491 1700 525; x_wconf 85' lang='lat' dir='ltr'>sunt</span> 
     </span>
     <span class='ocr_line' id='line_1_5' title="bbox 351 565 572 591; baseline 0.005 -2"><span class='ocrx_word' id='word_1_41' title='bbox 351 565 533 591; x_wconf 55' lang='lat' dir='ltr'>»omnia</span> <span class='ocrx_word' id='word_1_42' title='bbox 557 567 572 587; x_wconf 74' lang='lat' dir='ltr'>n</span> 
     </span>
    </p>

    <p class='ocr_par' dir='ltr' id='par_1_3' title="bbox 344 618 1700 1222">
     <span class='ocr_line' id='line_1_6' title="bbox 409 618 1699 679; baseline 0.003 -19"><span class='ocrx_word' id='word_1_43' title='bbox 409 618 595 661; x_wconf 79' lang='lat' dir='ltr'>CXLIX.</span> <span class='ocrx_word' id='word_1_44' title='bbox 635 619 732 659; x_wconf 89' lang='lat' dir='ltr'>Esto</span> <span class='ocrx_word' id='word_1_45' title='bbox 765 628 902 661; x_wconf 82' lang='lat' dir='ltr'>tamen</span> <span class='ocrx_word' id='word_1_46' title='bbox 934 619 985 660; x_wconf 85' lang='lat' dir='ltr'>de</span> <span class='ocrx_word' id='word_1_47' title='bbox 1010 620 1131 661; x_wconf 87' lang='lat' dir='ltr'>Patre</span> <span class='ocrx_word' id='word_1_48' title='bbox 1169 620 1329 661; x_wconf 87' lang='lat' dir='ltr'>dictum</span> <span class='ocrx_word' id='word_1_49' title='bbox 1363 629 1523 677; x_wconf 86' lang='lat' dir='ltr'>putent.</span> <span class='ocrx_word' id='word_1_50' title='bbox 1556 623 1699 679; x_wconf 88' lang='lat' dir='ltr'>Itaque</span> 
     </span>
     <span class='ocr_line' id='line_1_7' title="bbox 348 688 1698 746; baseline 0.002 -15"><span class='ocrx_word' id='word_1_51' title='bbox 348 688 666 731; x_wconf 83' lang='lat' dir='ltr'><strong>meminerimus</strong></span> <span class='ocrx_word' id='word_1_52' title='bbox 687 689 784 745; x_wconf 87' lang='lat' dir='ltr'>quia</span> <span class='ocrx_word' id='word_1_53' title='bbox 806 689 914 731; x_wconf 87' lang='lat' dir='ltr'>sicut</span> <span class='ocrx_word' id='word_1_54' title='bbox 930 704 980 730; x_wconf 82' lang='lat' dir='ltr'>cx</span> <span class='ocrx_word' id='word_1_55' title='bbox 1004 689 1091 745; x_wconf 88' lang='lat' dir='ltr'>ipso</span> <span class='ocrx_word' id='word_1_56' title='bbox 1110 689 1284 746; x_wconf 83' lang='lat' dir='ltr'>legimus</span> <span class='ocrx_word' id='word_1_57' title='bbox 1311 690 1471 738; x_wconf 83' lang='lat' dir='ltr'>omnia,</span> <span class='ocrx_word' id='word_1_58' title='bbox 1498 691 1550 732; x_wconf 86' lang='lat' dir='ltr'>ita</span> <span class='ocrx_word' id='word_1_59' title='bbox 1573 692 1698 734; x_wconf 78' lang='lat' dir='ltr'>etiam</span> 
     </span>
     <span class='ocr_line' id='line_1_8' title="bbox 348 758 1700 816; baseline 0.002 -17"><span class='ocrx_word' id='word_1_60' title='bbox 348 774 423 816; x_wconf 91' lang='lat' dir='ltr'>per</span> <span class='ocrx_word' id='word_1_61' title='bbox 446 758 583 815; x_wconf 85' lang='lat' dir='ltr'>ipsum</span> <span class='ocrx_word' id='word_1_62' title='bbox 618 759 757 800; x_wconf 85' lang='lat' dir='ltr'>omnia</span> <span class='ocrx_word' id='word_1_63' title='bbox 785 775 793 800; x_wconf 75' lang='grc' dir='ltr'>ε</span> <span class='ocrx_word' id='word_1_64' title='bbox 822 761 862 801; x_wconf 91' lang='lat' dir='ltr'>in</span> <span class='ocrx_word' id='word_1_65' title='bbox 899 759 1209 802; x_wconf 82' lang='lat' dir='ltr'>universitatem</span> <span class='ocrx_word' id='word_1_66' title='bbox 1238 760 1393 816; x_wconf 80' lang='lat' dir='ltr'><strong>quippe</strong></span> <span class='ocrx_word' id='word_1_67' title='bbox 1424 760 1550 801; x_wconf 82' lang='lat' dir='ltr'>totius</span> <span class='ocrx_word' id='word_1_68' title='bbox 1579 775 1700 803; x_wconf 80' lang='lat' dir='ltr'>crea·-</span> 
     </span>
     <span class='ocr_line' id='line_1_9' title="bbox 347 829 1698 888; baseline 0.001 -18"><span class='ocrx_word' id='word_1_69' title='bbox 347 837 451 870; x_wconf 85' lang='lat' dir='ltr'>turae</span> <span class='ocrx_word' id='word_1_70' title='bbox 473 829 605 870; x_wconf 80' lang='lat' dir='ltr'>Patris</span> <span class='ocrx_word' id='word_1_71' title='bbox 627 838 668 871; x_wconf 90' lang='lat' dir='ltr'>et</span> <span class='ocrx_word' id='word_1_72' title='bbox 692 829 784 871; x_wconf 86' lang='lat' dir='ltr'>Filii</span> <span class='ocrx_word' id='word_1_73' title='bbox 807 829 1018 887; x_wconf 87' lang='lat' dir='ltr'>profertur</span> <span class='ocrx_word' id='word_1_74' title='bbox 1041 830 1281 872; x_wconf 72' lang='lat' dir='ltr'>auctoritas.</span> <span class='ocrx_word' id='word_1_75' title='bbox 1310 831 1369 871; x_wconf 76' lang='lat' dir='ltr'>Ac</span> <span class='ocrx_word' id='word_1_76' title='bbox 1387 830 1486 871; x_wconf 88' lang='lat' dir='ltr'>licet</span> <span class='ocrx_word' id='word_1_77' title='bbox 1507 831 1698 888; x_wconf 87' lang='lat' dir='ltr'>superius</span> 
     </span>
     <span class='ocr_line' id='line_1_10' title="bbox 349 900 1693 958; baseline 0.001 -16"><span class='ocrx_word' id='word_1_78' title='bbox 349 901 683 956; x_wconf 81' lang='lat' dir='ltr'>omnipotentem</span> <span class='ocrx_word' id='word_1_79' title='bbox 722 900 877 941; x_wconf 83' lang='lat' dir='ltr'>Filium</span> <span class='ocrx_word' id='word_1_80' title='bbox 916 909 1089 957; x_wconf 84' lang='lat' dir='ltr'>paterno</span> <span class='ocrx_word' id='word_1_81' title='bbox 1127 901 1442 958; x_wconf 76' lang='lat' dir='ltr'>probaverimus</span> <span class='ocrx_word' id='word_1_82' title='bbox 1477 903 1693 958; x_wconf 79' lang='lat' dir='ltr'>exemplo;</span> 
     </span>
     <span class='ocr_line' id='line_1_11' title="bbox 349 970 1698 1028; baseline 0.001 -17"><span class='ocrx_word' id='word_1_83' title='bbox 349 979 489 1012; x_wconf 87' lang='lat' dir='ltr'>tamen</span> <span class='ocrx_word' id='word_1_84' title='bbox 507 970 602 1026; x_wconf 91' lang='lat' dir='ltr'>quia</span> <span class='ocrx_word' id='word_1_85' title='bbox 627 970 705 1011; x_wconf 90' lang='lat' dir='ltr'>illis</span> <span class='ocrx_word' id='word_1_86' title='bbox 729 970 929 1026; x_wconf 78' lang='lat' dir='ltr'>derogare</span> <span class='ocrx_word' id='word_1_87' title='bbox 952 972 1136 1012; x_wconf 89' lang='lat' dir='ltr'>studium</span> <span class='ocrx_word' id='word_1_88' title='bbox 1157 980 1239 1019; x_wconf 88' lang='lat' dir='ltr'>est,</span> <span class='ocrx_word' id='word_1_89' title='bbox 1261 971 1528 1013; x_wconf 81' lang='lat' dir='ltr'>considerent</span> <span class='ocrx_word' id='word_1_90' title='bbox 1545 972 1640 1028; x_wconf 87' lang='lat' dir='ltr'>quia</span> <span class='ocrx_word' id='word_1_91' title='bbox 1656 980 1698 1013; x_wconf 87' lang='lat' dir='ltr'>et</span> 
     </span>
     <span class='ocr_line' id='line_1_12' title="bbox 345 1039 1695 1098; baseline 0.001 -17"><span class='ocrx_word' id='word_1_92' title='bbox 345 1039 455 1082; x_wconf 83' lang='lat' dir='ltr'>Patri</span> <span class='ocrx_word' id='word_1_93' title='bbox 478 1041 694 1096; x_wconf 84' lang='lat' dir='ltr'>derogant.</span> <span class='ocrx_word' id='word_1_94' title='bbox 723 1039 765 1080; x_wconf 86' lang='lat' dir='ltr'>Si</span> <span class='ocrx_word' id='word_1_95' title='bbox 797 1040 907 1080; x_wconf 88' lang='lat' dir='ltr'>enim</span> <span class='ocrx_word' id='word_1_96' title='bbox 932 1039 1123 1081; x_wconf 76' lang='lat' dir='ltr'>insu-mus</span> <span class='ocrx_word' id='word_1_97' title='bbox 1150 1040 1302 1088; x_wconf 83' lang='lat' dir='ltr'>Filius,</span> <span class='ocrx_word' id='word_1_98' title='bbox 1333 1041 1429 1097; x_wconf 85' lang='lat' dir='ltr'>quia</span> <span class='ocrx_word' id='word_1_99' title='bbox 1462 1056 1536 1097; x_wconf 89' lang='lat' dir='ltr'>per</span> <span class='ocrx_word' id='word_1_100' title='bbox 1558 1041 1695 1098; x_wconf 87' lang='lat' dir='ltr'>ipsum</span> 
     </span>
     <span class='ocr_line' id='line_1_13' title="bbox 344 1110 1695 1169; baseline 0.003 -17"><span class='ocrx_word' id='word_1_101' title='bbox 344 1111 510 1158; x_wconf 87' lang='lat' dir='ltr'>omnia,</span> <span class='ocrx_word' id='word_1_102' title='bbox 538 1110 743 1166; x_wconf 84' lang='lat' dir='ltr'>numquid</span> <span class='ocrx_word' id='word_1_103' title='bbox 767 1110 957 1152; x_wconf 87' lang='lat' dir='ltr'>infirmus</span> <span class='ocrx_word' id='word_1_104' title='bbox 990 1118 1030 1151; x_wconf 84' lang='lat' dir='ltr'>et</span> <span class='ocrx_word' id='word_1_105' title='bbox 1062 1111 1198 1158; x_wconf 82' lang='lat' dir='ltr'>Pater,</span> <span class='ocrx_word' id='word_1_106' title='bbox 1234 1110 1329 1167; x_wconf 90' lang='lat' dir='ltr'>quia</span> <span class='ocrx_word' id='word_1_107' title='bbox 1355 1119 1396 1152; x_wconf 91' lang='lat' dir='ltr'>et</span> <span class='ocrx_word' id='word_1_108' title='bbox 1434 1126 1507 1169; x_wconf 86' lang='lat' dir='ltr'>per</span> <span class='ocrx_word' id='word_1_109' title='bbox 1530 1112 1695 1156; x_wconf 85' lang='lat' dir='ltr'>Patrem</span> 
     </span>
     <span class='ocr_line' id='line_1_14' title="bbox 345 1180 515 1222; baseline -0.012 0"><span class='ocrx_word' id='word_1_110' title='bbox 345 1180 515 1222; x_wconf 78' lang='lat' dir='ltr'>emnia?</span> 
     </span>
    </p>

    <p class='ocr_par' dir='ltr' id='par_1_4' title="bbox 330 1250 1695 2008">
     <span class='ocr_line' id='line_1_15' title="bbox 394 1250 1693 1306; baseline 0.002 -14"><span class='ocrx_word' id='word_1_111' title='bbox 394 1251 473 1293; x_wconf 89' lang='lat' dir='ltr'>CL.</span> <span class='ocrx_word' id='word_1_112' title='bbox 510 1250 594 1292; x_wconf 85' lang='lat' dir='ltr'>Sed</span> <span class='ocrx_word' id='word_1_113' title='bbox 628 1259 672 1291; x_wconf 83' lang='lat' dir='ltr'>ut</span> <span class='ocrx_word' id='word_1_114' title='bbox 704 1258 931 1306; x_wconf 74' lang='lat' dir='ltr'>agnoscant</span> <span class='ocrx_word' id='word_1_115' title='bbox 954 1251 1109 1291; x_wconf 87' lang='lat' dir='ltr'>nullam</span> <span class='ocrx_word' id='word_1_116' title='bbox 1143 1250 1441 1292; x_wconf 82' lang='lat' dir='ltr'>discretionem</span> <span class='ocrx_word' id='word_1_117' title='bbox 1465 1251 1577 1293; x_wconf 82' lang='lat' dir='ltr'>inter</span> <span class='ocrx_word' id='word_1_118' title='bbox 1602 1252 1693 1295; x_wconf 83' lang='lat' dir='ltr'>haec</span> 
     </span>
     <span class='ocr_line' id='line_1_16' title="bbox 342 1319 1695 1376; baseline 0.001 -14"><span class='ocrx_word' id='word_1_119' title='bbox 342 1336 432 1362; x_wconf 87' lang='lat' dir='ltr'>esse</span> <span class='ocrx_word' id='word_1_120' title='bbox 451 1353 461 1369; x_wconf 90' lang='lat'><strong>,</strong></span> <span class='ocrx_word' id='word_1_121' title='bbox 501 1321 655 1361; x_wconf 84' lang='lat' dir='ltr'>iterum</span> <span class='ocrx_word' id='word_1_122' title='bbox 692 1319 991 1360; x_wconf 79' lang='lat' dir='ltr'>demonstrabo</span> <span class='ocrx_word' id='word_1_123' title='bbox 1027 1319 1216 1375; x_wconf 85' lang='lat' dir='ltr'>ejusdem</span> <span class='ocrx_word' id='word_1_124' title='bbox 1253 1334 1342 1360; x_wconf 87' lang='lat' dir='ltr'>esse</span> <span class='ocrx_word' id='word_1_125' title='bbox 1366 1352 1375 1367; x_wconf 91' lang='lat'><em>,</em></span> <span class='ocrx_word' id='word_1_126' title='bbox 1410 1335 1462 1362; x_wconf 87' lang='lat' dir='ltr'>ex</span> <span class='ocrx_word' id='word_1_127' title='bbox 1502 1336 1585 1376; x_wconf 83' lang='lat' dir='ltr'>quo</span> <span class='ocrx_word' id='word_1_128' title='bbox 1624 1322 1695 1364; x_wconf 85' lang='lat' dir='ltr'>ali-</span> 
     </span>
     <span class='ocr_line' id='line_1_17' title="bbox 341 1389 1694 1448; baseline 0.001 -17"><span class='ocrx_word' id='word_1_129' title='bbox 341 1390 442 1448; x_wconf 86' lang='lat' dir='ltr'>quid</span> <span class='ocrx_word' id='word_1_130' title='bbox 457 1422 467 1438; x_wconf 90' lang='lat'>,</span> <span class='ocrx_word' id='word_1_131' title='bbox 490 1399 530 1432; x_wconf 84' lang='lat' dir='ltr'>et</span> <span class='ocrx_word' id='word_1_132' title='bbox 549 1406 622 1447; x_wconf 83' lang='lat' dir='ltr'>per</span> <span class='ocrx_word' id='word_1_133' title='bbox 644 1405 769 1446; x_wconf 89' lang='lat' dir='ltr'>quem</span> <span class='ocrx_word' id='word_1_134' title='bbox 790 1389 969 1445; x_wconf 82' lang='lat' dir='ltr'>aliquid3</span> <span class='ocrx_word' id='word_1_135' title='bbox 993 1398 1035 1431; x_wconf 93' lang='lat' dir='ltr'>et</span> <span class='ocrx_word' id='word_1_136' title='bbox 1058 1391 1275 1448; x_wconf 85' lang='lat' dir='ltr'>ostendam</span> <span class='ocrx_word' id='word_1_137' title='bbox 1299 1397 1527 1446; x_wconf 87' lang='lat' dir='ltr'>utrumque</span> <span class='ocrx_word' id='word_1_138' title='bbox 1549 1391 1601 1432; x_wconf 86' lang='lat' dir='ltr'>de</span> <span class='ocrx_word' id='word_1_139' title='bbox 1621 1392 1694 1434; x_wconf 81' lang='lat' dir='ltr'>Pa-</span> 
     </span>
     <span class='ocr_line' id='line_1_18' title="bbox 340 1458 1690 1524; baseline 0 -21"><span class='ocrx_word' id='word_1_140' title='bbox 340 1469 403 1503; x_wconf 82' lang='lat' dir='ltr'>tre</span> <span class='ocrx_word' id='word_1_141' title='bbox 424 1460 593 1502; x_wconf 83' lang='lat' dir='ltr'>lectum.</span> <span class='ocrx_word' id='word_1_142' title='bbox 626 1458 693 1501; x_wconf 88' lang='lat' dir='ltr'>Sic</span> <span class='ocrx_word' id='word_1_143' title='bbox 715 1459 827 1500; x_wconf 88' lang='lat' dir='ltr'>enim</span> <span class='ocrx_word' id='word_1_144' title='bbox 864 1459 1066 1501; x_wconf 84' lang='lat' dir='ltr'>habemus</span> <span class='ocrx_word' id='word_1_145' title='bbox 1091 1474 1101 1501; x_wconf 75' lang='lat' dir='ltr'>z</span> <span class='ocrx_word' id='word_1_146' title='bbox 1120 1479 1134 1495; x_wconf 80' lang='grc' dir='ltr'><strong><em>υ</em></strong></span> <span class='ocrx_word' id='word_1_147' title='bbox 1155 1459 1308 1500; x_wconf 85' lang='lat' dir='ltr'>Fidelis</span> <span class='ocrx_word' id='word_1_148' title='bbox 1330 1460 1441 1501; x_wconf 90' lang='lat' dir='ltr'>Deus</span> <span class='ocrx_word' id='word_1_149' title='bbox 1464 1475 1540 1517; x_wconf 84' lang='lat' dir='ltr'>per</span> <span class='ocrx_word' id='word_1_150' title='bbox 1566 1476 1690 1524; x_wconf 66' lang='lat' dir='ltr'>quem</span> 
     </span>
     <span class='ocr_line' id='line_1_19' title="bbox 341 1528 1687 1586; baseline 0.003 -18"><span class='ocrx_word' id='word_1_151' title='bbox 341 1529 508 1571; x_wconf 80' lang='lat' dir='ltr'>»vocati</span> <span class='ocrx_word' id='word_1_152' title='bbox 530 1529 628 1570; x_wconf 86' lang='lat' dir='ltr'>estis</span> <span class='ocrx_word' id='word_1_153' title='bbox 648 1529 688 1570; x_wconf 89' lang='lat' dir='ltr'>in</span> <span class='ocrx_word' id='word_1_154' title='bbox 708 1529 1049 1571; x_wconf 77' lang='lat' dir='ltr'>communionem</span> <span class='ocrx_word' id='word_1_155' title='bbox 1073 1529 1164 1571; x_wconf 86' lang='lat' dir='ltr'>Filii</span> <span class='ocrx_word' id='word_1_156' title='bbox 1182 1528 1313 1585; x_wconf 82' lang='lat' dir='ltr'>ejus¹.</span> <span class='ocrx_word' id='word_1_157' title='bbox 1338 1547 1353 1567; x_wconf 72' lang='grc' dir='ltr'><strong>ι</strong></span> <span class='ocrx_word' id='word_1_158' title='bbox 1375 1529 1489 1580; x_wconf 90' lang='lat' dir='ltr'>Quid</span> <span class='ocrx_word' id='word_1_159' title='bbox 1511 1530 1687 1586; x_wconf 73' lang='lat' dir='ltr'>Aposto-</span> 
     </span>
     <span class='ocr_line' id='line_1_20' title="bbox 337 1598 1691 1647; baseline 0.001 -6"><span class='ocrx_word' id='word_1_160' title='bbox 337 1601 401 1641; x_wconf 87' lang='lat' dir='ltr'>lus</span> <span class='ocrx_word' id='word_1_161' title='bbox 421 1598 589 1647; x_wconf 83' lang='lat' dir='ltr'>dixerit,</span> <span class='ocrx_word' id='word_1_162' title='bbox 611 1600 890 1642; x_wconf 76' lang='lat' dir='ltr'>considerent.</span> <span class='ocrx_word' id='word_1_163' title='bbox 919 1599 997 1641; x_wconf 86' lang='lat' dir='ltr'>Per</span> <span class='ocrx_word' id='word_1_164' title='bbox 1016 1599 1181 1641; x_wconf 83' lang='lat' dir='ltr'>Patrem</span> <span class='ocrx_word' id='word_1_165' title='bbox 1202 1613 1418 1647; x_wconf 76' lang='lat' dir='ltr'>vocamur,</span> <span class='ocrx_word' id='word_1_166' title='bbox 1443 1608 1484 1641; x_wconf 90' lang='lat' dir='ltr'>et</span> <span class='ocrx_word' id='word_1_167' title='bbox 1505 1599 1608 1641; x_wconf 86' lang='lat' dir='ltr'>nihil</span> <span class='ocrx_word' id='word_1_168' title='bbox 1628 1609 1691 1642; x_wconf 86' lang='lat' dir='ltr'>est</span> 
     </span>
     <span class='ocr_line' id='line_1_21' title="bbox 338 1669 1689 1727; baseline 0.001 -16"><span class='ocrx_word' id='word_1_169' title='bbox 338 1669 579 1727; x_wconf 88' lang='lat' dir='ltr'>quaestionis</span> <span class='ocrx_word' id='word_1_170' title='bbox 599 1684 607 1710; x_wconf 94' lang='lat'><strong>:</strong></span> <span class='ocrx_word' id='word_1_171' title='bbox 628 1684 704 1726; x_wconf 89' lang='lat' dir='ltr'>per</span> <span class='ocrx_word' id='word_1_172' title='bbox 717 1669 871 1711; x_wconf 90' lang='lat' dir='ltr'>Filium</span> <span class='ocrx_word' id='word_1_173' title='bbox 886 1684 1095 1717; x_wconf 81' lang='lat' dir='ltr'>creamur,</span> <span class='ocrx_word' id='word_1_174' title='bbox 1115 1678 1156 1711; x_wconf 88' lang='lat' dir='ltr'>et</span> <span class='ocrx_word' id='word_1_175' title='bbox 1173 1669 1253 1711; x_wconf 92' lang='lat' dir='ltr'>hoc</span> <span class='ocrx_word' id='word_1_176' title='bbox 1271 1669 1390 1710; x_wconf 86' lang='lat' dir='ltr'>vilius</span> <span class='ocrx_word' id='word_1_177' title='bbox 1403 1669 1689 1712; x_wconf 61' lang='lat' dir='ltr'>aestimarunt?</span> 
     </span>
     <span class='ocr_line' id='line_1_22' title="bbox 336 1739 1690 1797; baseline 0 -14"><span class='ocrx_word' id='word_1_178' title='bbox 336 1741 458 1784; x_wconf 79' lang='lat' dir='ltr'>Pater</span> <span class='ocrx_word' id='word_1_179' title='bbox 481 1740 521 1782; x_wconf 89' lang='lat' dir='ltr'>in</span> <span class='ocrx_word' id='word_1_180' title='bbox 544 1740 886 1782; x_wconf 87' lang='lat' dir='ltr'>communionem</span> <span class='ocrx_word' id='word_1_181' title='bbox 906 1739 1000 1781; x_wconf 80' lang='lat' dir='ltr'>Filii</span> <span class='ocrx_word' id='word_1_182' title='bbox 1017 1739 1254 1792; x_wconf 87' lang='lat' dir='ltr'>vocavit,et</span> <span class='ocrx_word' id='word_1_183' title='bbox 1271 1740 1463 1797; x_wconf 86' lang='lat' dir='ltr'>religiose</span> <span class='ocrx_word' id='word_1_184' title='bbox 1484 1740 1566 1782; x_wconf 91' lang='lat' dir='ltr'>hoc</span> <span class='ocrx_word' id='word_1_185' title='bbox 1579 1741 1690 1783; x_wconf 87' lang='lat' dir='ltr'>sicut</span> 
     </span>
     <span class='ocr_line' id='line_1_23' title="bbox 336 1810 1686 1867; baseline -0.001 -14"><span class='ocrx_word' id='word_1_186' title='bbox 336 1812 560 1859; x_wconf 86' lang='lat' dir='ltr'>debemus,</span> <span class='ocrx_word' id='word_1_187' title='bbox 586 1810 816 1867; x_wconf 86' lang='lat' dir='ltr'>accipimus</span> <span class='ocrx_word' id='word_1_188' title='bbox 837 1826 846 1851; x_wconf 93' lang='lat'>:</span> <span class='ocrx_word' id='word_1_189' title='bbox 868 1810 999 1852; x_wconf 84' lang='lat' dir='ltr'>Filius</span> <span class='ocrx_word' id='word_1_190' title='bbox 1023 1811 1162 1852; x_wconf 87' lang='lat' dir='ltr'>omnia</span> <span class='ocrx_word' id='word_1_191' title='bbox 1180 1810 1356 1858; x_wconf 85' lang='lat' dir='ltr'>creavit,</span> <span class='ocrx_word' id='word_1_192' title='bbox 1376 1818 1418 1852; x_wconf 81' lang='lat' dir='ltr'>et</span> <span class='ocrx_word' id='word_1_193' title='bbox 1433 1818 1582 1867; x_wconf 79' lang='lat' dir='ltr'>putant</span> <span class='ocrx_word' id='word_1_194' title='bbox 1601 1825 1686 1854; x_wconf 88' lang='lat' dir='ltr'>non</span> 
     </span>
     <span class='ocr_line' id='line_1_24' title="bbox 330 1879 1687 1937; baseline 0 -14"><span class='ocrx_word' id='word_1_195' title='bbox 330 1881 473 1923; x_wconf 87' lang='lat' dir='ltr'>liherae</span> <span class='ocrx_word' id='word_1_196' title='bbox 495 1880 621 1922; x_wconf 88' lang='lat' dir='ltr'>fuisse</span> <span class='ocrx_word' id='word_1_197' title='bbox 643 1879 867 1922; x_wconf 82' lang='lat' dir='ltr'>voluntatis</span> <span class='ocrx_word' id='word_1_198' title='bbox 900 1881 1118 1922; x_wconf 83' lang='lat' dir='ltr'>arbitrium</span> <span class='ocrx_word' id='word_1_199' title='bbox 1138 1913 1147 1928; x_wconf 86' lang='lat'><em>‚</em></span> <span class='ocrx_word' id='word_1_200' title='bbox 1173 1881 1246 1922; x_wconf 87' lang='lat' dir='ltr'>sed</span> <span class='ocrx_word' id='word_1_201' title='bbox 1275 1889 1431 1922; x_wconf 82' lang='lat' dir='ltr'>coactae</span> <span class='ocrx_word' id='word_1_202' title='bbox 1457 1888 1582 1937; x_wconf 88' lang='lat' dir='ltr'>atque</span> <span class='ocrx_word' id='word_1_203' title='bbox 1604 1895 1687 1923; x_wconf 89' lang='lat' dir='ltr'>ser-</span> 
     </span>
     <span class='ocr_line' id='line_1_25' title="bbox 330 1950 1007 2008; baseline 0 -17"><span class='ocrx_word' id='word_1_204' title='bbox 330 1951 420 1992; x_wconf 86' lang='lat' dir='ltr'>vilis</span> <span class='ocrx_word' id='word_1_205' title='bbox 448 1950 703 2008; x_wconf 84' lang='lat' dir='ltr'>operationis</span> <span class='ocrx_word' id='word_1_206' title='bbox 726 1950 1007 2006; x_wconf 77' lang='lat' dir='ltr'>obsequium?</span> 
     </span>
    </p>

    <p class='ocr_par' dir='ltr' id='par_1_5' title="bbox 324 2020 1685 2288">
     <span class='ocr_line' id='line_1_26' title="bbox 388 2020 1685 2078; baseline 0 -14"><span class='ocrx_word' id='word_1_207' title='bbox 388 2021 488 2065; x_wconf 89' lang='lat' dir='ltr'>CLI.</span> <span class='ocrx_word' id='word_1_208' title='bbox 528 2023 580 2063; x_wconf 77' lang='lat' dir='ltr'>[t</span> <span class='ocrx_word' id='word_1_209' title='bbox 604 2030 742 2063; x_wconf 83' lang='lat' dir='ltr'>autem</span> <span class='ocrx_word' id='word_1_210' title='bbox 767 2036 967 2078; x_wconf 85' lang='lat' dir='ltr'>agnoscas</span> <span class='ocrx_word' id='word_1_211' title='bbox 990 2021 1154 2078; x_wconf 86' lang='lat' dir='ltr'>plenius</span> <span class='ocrx_word' id='word_1_212' title='bbox 1176 2021 1280 2062; x_wconf 86' lang='lat' dir='ltr'>nihil</span> <span class='ocrx_word' id='word_1_213' title='bbox 1301 2021 1454 2063; x_wconf 80' lang='lat' dir='ltr'>distare</span> <span class='ocrx_word' id='word_1_214' title='bbox 1476 2020 1586 2063; x_wconf 85' lang='lat' dir='ltr'>inter</span> <span class='ocrx_word' id='word_1_215' title='bbox 1610 2023 1685 2064; x_wconf 89' lang='lat' dir='ltr'>Pa·</span> 
     </span>
     <span class='ocr_line' id='line_1_27' title="bbox 328 2091 1682 2150; baseline -0.001 -15"><span class='ocrx_word' id='word_1_216' title='bbox 328 2093 402 2135; x_wconf 90' lang='lat' dir='ltr'>tris</span> <span class='ocrx_word' id='word_1_217' title='bbox 424 2101 466 2135; x_wconf 86' lang='lat' dir='ltr'>et</span> <span class='ocrx_word' id='word_1_218' title='bbox 483 2092 578 2134; x_wconf 88' lang='lat' dir='ltr'>Filii</span> <span class='ocrx_word' id='word_1_219' title='bbox 597 2101 864 2150; x_wconf 83' lang='lat' dir='ltr'>potestatem,</span> <span class='ocrx_word' id='word_1_220' title='bbox 885 2106 982 2134; x_wconf 91' lang='lat' dir='ltr'>cum</span> <span class='ocrx_word' id='word_1_221' title='bbox 1000 2107 1074 2148; x_wconf 82' lang='lat' dir='ltr'>per</span> <span class='ocrx_word' id='word_1_222' title='bbox 1089 2092 1256 2134; x_wconf 89' lang='lat' dir='ltr'>Patrem</span> <span class='ocrx_word' id='word_1_223' title='bbox 1275 2091 1316 2133; x_wconf 91' lang='lat' dir='ltr'>in</span> <span class='ocrx_word' id='word_1_224' title='bbox 1338 2092 1682 2134; x_wconf 88' lang='lat' dir='ltr'>communionem</span> 
     </span>
     <span class='ocr_line' id='line_1_28' title="bbox 324 2162 1682 2218; baseline 0 -14"><span class='ocrx_word' id='word_1_225' title='bbox 324 2162 418 2204; x_wconf 90' lang='lat' dir='ltr'>Filii</span> <span class='ocrx_word' id='word_1_226' title='bbox 452 2162 544 2218; x_wconf 87' lang='lat' dir='ltr'>ejus</span> <span class='ocrx_word' id='word_1_227' title='bbox 575 2177 801 2211; x_wconf 82' lang='lat' dir='ltr'>vocemur3</span> <span class='ocrx_word' id='word_1_228' title='bbox 841 2177 890 2203; x_wconf 87' lang='lat' dir='ltr'>ex</span> <span class='ocrx_word' id='word_1_229' title='bbox 921 2162 1028 2204; x_wconf 91' lang='lat' dir='ltr'>Filio</span> <span class='ocrx_word' id='word_1_230' title='bbox 1058 2171 1122 2204; x_wconf 82' lang='lat' dir='ltr'>est</span> <span class='ocrx_word' id='word_1_231' title='bbox 1149 2162 1235 2218; x_wconf 87' lang='lat' dir='ltr'>ipsa</span> <span class='ocrx_word' id='word_1_232' title='bbox 1267 2162 1537 2210; x_wconf 91' lang='lat' dir='ltr'>communio,</span> <span class='ocrx_word' id='word_1_233' title='bbox 1572 2163 1682 2204; x_wconf 84' lang='lat' dir='ltr'>sicut</span> 
     </span>
     <span class='ocr_line' id='line_1_29' title="bbox 324 2231 1679 2288; baseline 0.001 -15"><span class='ocrx_word' id='word_1_234' title='bbox 324 2232 529 2288; x_wconf 89' lang='lat' dir='ltr'>scriptum</span> <span class='ocrx_word' id='word_1_235' title='bbox 556 2241 618 2273; x_wconf 84' lang='lat' dir='ltr'>est</span> <span class='ocrx_word' id='word_1_236' title='bbox 639 2248 647 2272; x_wconf 72' lang='grc' dir='ltr'><strong><em>ι</em></strong></span> <span class='ocrx_word' id='word_1_237' title='bbox 666 2231 905 2284; x_wconf 74' lang='lat' dir='ltr'>«Quoniam</span> <span class='ocrx_word' id='word_1_238' title='bbox 936 2233 987 2273; x_wconf 85' lang='lat' dir='ltr'>de</span> <span class='ocrx_word' id='word_1_239' title='bbox 1011 2232 1274 2288; x_wconf 89' lang='lat' dir='ltr'>plenitudine</span> <span class='ocrx_word' id='word_1_240' title='bbox 1307 2231 1397 2286; x_wconf 90' lang='lat' dir='ltr'>ejus</span> <span class='ocrx_word' id='word_1_241' title='bbox 1428 2247 1504 2274; x_wconf 87' lang='lat' dir='ltr'>nos</span> <span class='ocrx_word' id='word_1_242' title='bbox 1534 2247 1679 2276; x_wconf 88' lang='lat' dir='ltr'>omnes</span> 
     </span>
    </p>

    <p class='ocr_par' dir='ltr' id='par_1_6' title="bbox 303 2301 1678 2573">
     <span class='ocr_line' id='line_1_30' title="bbox 316 2301 1678 2360; baseline 0.001 -18"><span class='ocrx_word' id='word_1_243' title='bbox 316 2321 332 2342; x_wconf 80' lang='grc'>»</span> <span class='ocrx_word' id='word_1_244' title='bbox 347 2302 589 2360; x_wconf 86' lang='lat' dir='ltr'>accepimus</span> <span class='ocrx_word' id='word_1_245' title='bbox 604 2301 636 2349; x_wconf 76' lang='grc' dir='ltr'>2ς</span> <span class='ocrx_word' id='word_1_246' title='bbox 654 2321 668 2340; x_wconf 76' lang='lat' dir='ltr'>n</span> <span class='ocrx_word' id='word_1_247' title='bbox 689 2301 791 2343; x_wconf 86' lang='lat' dir='ltr'>licet</span> <span class='ocrx_word' id='word_1_248' title='bbox 826 2302 1061 2343; x_wconf 81' lang='lat' dir='ltr'>secundum</span> <span class='ocrx_word' id='word_1_249' title='bbox 1091 2316 1275 2359; x_wconf 87' lang='lat' dir='ltr'>graecum</span> <span class='ocrx_word' id='word_1_250' title='bbox 1308 2302 1607 2359; x_wconf 80' lang='lat' dir='ltr'>Evangelium,</span> <span class='ocrx_word' id='word_1_251' title='bbox 1627 2318 1678 2344; x_wconf 88' lang='lat' dir='ltr'>ex</span> 
     </span>
     <span class='ocr_line' id='line_1_31' title="bbox 313 2372 1210 2431; baseline -0.001 -16"><span class='ocrx_word' id='word_1_252' title='bbox 313 2373 578 2431; x_wconf 83' lang='lat' dir='ltr'>plenitudine</span> <span class='ocrx_word' id='word_1_253' title='bbox 601 2372 692 2427; x_wconf 81' lang='lat' dir='ltr'>ejus</span> <span class='ocrx_word' id='word_1_254' title='bbox 712 2373 945 2429; x_wconf 86' lang='lat' dir='ltr'>intelligere</span> <span class='ocrx_word' id='word_1_255' title='bbox 969 2373 1210 2414; x_wconf 86' lang='lat' dir='ltr'>debeamus.</span> 
     </span>
     <span class='ocr_line' id='line_1_32' title="bbox 366 2442 1675 2501; baseline 0.002 -16"><span class='ocrx_word' id='word_1_256' title='bbox 366 2443 486 2486; x_wconf 82' lang='lat' dir='ltr'>CLII.</span> <span class='ocrx_word' id='word_1_257' title='bbox 528 2444 638 2486; x_wconf 86' lang='lat' dir='ltr'>Ecce</span> <span class='ocrx_word' id='word_1_258' title='bbox 661 2452 703 2485; x_wconf 84' lang='lat' dir='ltr'>et</span> <span class='ocrx_word' id='word_1_259' title='bbox 726 2458 800 2501; x_wconf 88' lang='lat' dir='ltr'>per</span> <span class='ocrx_word' id='word_1_260' title='bbox 819 2443 988 2486; x_wconf 82' lang='lat' dir='ltr'>Patrem</span> <span class='ocrx_word' id='word_1_261' title='bbox 1007 2443 1252 2486; x_wconf 89' lang='lat' dir='ltr'>communio</span> <span class='ocrx_word' id='word_1_262' title='bbox 1267 2476 1276 2492; x_wconf 95' lang='lat'>,</span> <span class='ocrx_word' id='word_1_263' title='bbox 1299 2450 1340 2485; x_wconf 85' lang='lat' dir='ltr'>et</span> <span class='ocrx_word' id='word_1_264' title='bbox 1358 2457 1409 2485; x_wconf 87' lang='lat' dir='ltr'>ex</span> <span class='ocrx_word' id='word_1_265' title='bbox 1431 2442 1539 2485; x_wconf 91' lang='lat' dir='ltr'>Filio</span> <span class='ocrx_word' id='word_1_266' title='bbox 1563 2457 1675 2488; x_wconf 86' lang='lat' dir='ltr'>com-</span> 
     </span>
     <span class='ocr_line' id='line_1_33' title="bbox 303 2513 1672 2573; baseline 0 -17"><span class='ocrx_word' id='word_1_267' title='bbox 303 2514 449 2569; x_wconf 84' lang='lat' dir='ltr'>munio</span> <span class='ocrx_word' id='word_1_268' title='bbox 478 2530 486 2555; x_wconf 90' lang='lat'>:</span> <span class='ocrx_word' id='word_1_269' title='bbox 516 2516 590 2557; x_wconf 88' lang='lat' dir='ltr'>sed</span> <span class='ocrx_word' id='word_1_270' title='bbox 618 2530 702 2556; x_wconf 88' lang='lat' dir='ltr'>non</span> <span class='ocrx_word' id='word_1_271' title='bbox 735 2515 1008 2573; x_wconf 84' lang='lat' dir='ltr'>discrepans,</span> <span class='ocrx_word' id='word_1_272' title='bbox 1041 2515 1114 2558; x_wconf 89' lang='lat' dir='ltr'>sed</span> <span class='ocrx_word' id='word_1_273' title='bbox 1140 2529 1222 2558; x_wconf 86' lang='lat' dir='ltr'>una</span> <span class='ocrx_word' id='word_1_274' title='bbox 1256 2513 1527 2563; x_wconf 83' lang='lat' dir='ltr'>communi03</span> <span class='ocrx_word' id='word_1_275' title='bbox 1563 2514 1672 2557; x_wconf 87' lang='lat' dir='ltr'>sicut</span> 
     </span>
    </p>
   </div>
   <div class='ocr_carea' id='block_1_3' title="bbox 349 2606 894 2650">
    <p class='ocr_par' dir='ltr' id='par_1_7' title="bbox 349 2606 894 2650">
     <span class='ocr_line' id='line_1_34' title="bbox 349 2606 894 2650; baseline -0.006 -12"><span class='ocrx_word' id='word_1_276' title='bbox 349 2613 358 2630; x_wconf 83' lang='lat'><em>¹</em></span> <span class='ocrx_word' id='word_1_277' title='bbox 380 2606 522 2645; x_wconf 80' lang='lat' dir='ltr'>1Cor.1‚</span> <span class='ocrx_word' id='word_1_278' title='bbox 542 2618 625 2650; x_wconf 87' lang='lat'><strong>9.·--</strong></span> <span class='ocrx_word' id='word_1_279' title='bbox 647 2614 660 2630; x_wconf 85' lang='lat'><strong>·</strong></span> <span class='ocrx_word' id='word_1_280' title='bbox 677 2606 777 2639; x_wconf 77' lang='lat' dir='ltr'>Joan.</span> <span class='ocrx_word' id='word_1_281' title='bbox 801 2607 894 2645; x_wconf 78' lang='lat'>=,16.</span> 
     </span>
    </p>
   </div>
  </div>
 </body>
</html>
