1768 3283
62 402 305 414 mmmm
311 402 431 415 mm
437 404 676 417 mmmm
682 403 798 416 mm
804 404 1403 421 mmmmm-mmmmm„

248 553 1242 645 ANNOTATIONES.

657 810 836 822 ⁴000-—

462 979 706 1010 ΔΝΝοΤΔΤιο
744 966 806 1022 (ι)
841 981 934 1026 pag.
969 969 1011 1019 l..

128 1130 305 1187 Signum
340 1130 478 1173 crucis
515 1131 687 1188 ponitur
715 1131 757 1173 in
789 1131 927 1175 littera
948 1131 997 1175 T.
1022 1146 1148 1190 quam
1173 1132 1214 1175 in
1239 1130 1418 1190 antiquis

0 1231 1 1241 ,
69 1200 344 1243 Hebraeorum
377 1200 691 1243 characteribus
725 1201 833 1244 hanc
865 1202 994 1260 ipsam
1027 1201 1204 1260 figuram
1224 1203 1420 1246 habuisse

0 1266 1 1308 ἦ
70 1272 354 1328 Hieronymus
378 1281 469 1328 post
497 1272 723 1330 Origenem
748 1281 897 1315 auctor
913 1283 975 1316 est
993 1273 1033 1315 in
1056 1274 1208 1317 Ezech.
1240 1289 1332 1332 cap.
1360 1290 1418 1322 lx,

71 1345 105 1390 ᾖ
131 1346 172 1390 Δ,
203 1342 324 1398 cujus
346 1343 584 1399 opinionem
611 1343 781 1385 Grotius
806 1346 853 1385 ad
885 1345 1080 1386 eumdem
1104 1346 1244 1387 locum
1274 1353 1421 1388 contra

72 1413 332 1469 Scaligerum
366 1413 564 1456 defendit.
601 1415 724 1466 Quod
757 1424 894 1456 autem
922 1416 972 1456 ad
1006 1430 1229 1457 numerum
1257 1415 1361 1463 518,
1387 1415 1422 1458 is

74 1486 185 1542 apud
205 1484 372 1526 Graecos
402 1484 664 1527 arithmetice
691 1484 945 1528 efferebatur
969 1486 1117 1528 litteris
1137 1495 1215 1529 ret
1237 1512 1268 1538 ιη
1284 1520 1293 1534 ,
1318 1501 1424 1543 qua·-

0 1594 1 1597 ,
73 1570 167 1596 rum
202 1556 453 1613 posteriores
486 1558 576 1597 duae
609 1556 842 1597 suavissimi
884 1556 1067 1598 nominis
1106 1556 1207 1598 Jesu
1243 1556 1422 1599 initiales

75 1633 185 1667 sunt.
227 1626 278 1667 Et
306 1627 405 1669 h'nc
433 1625 722 1669 Ambrosianae
749 1625 960 1667 allusionis
992 1625 1097 1668 ratio
1136 1635 1263 1683 patet.
1304 1627 1422 1669 Illam

77 1702 215 1738 autem
253 1695 334 1737 hoc
367 1697 456 1754 ipso
488 1696 596 1737 libro
628 1710 718 1752 cap.
755 1710 880 1743 xvnl,
916 1710 1061 1737 rursus
1086 1696 1304 1753 proponit,
1338 1710 1424 1738 non

76 1780 197 1808 secus
229 1781 275 1807 ac
310 1767 381 1808 lib.
413 1783 449 1814 1,
489 1767 539 1807 dc
560 1765 816 1813 Abraham,
836 1780 926 1822 cap.
956 1781 1019 1814 1x,
1042 1766 1125 1822 jam
1149 1774 1420 1824 expresserat.

76 1836 221 1893 Neque
246 1852 342 1878 vero
358 1852 401 1878 ea
423 1837 586 1894 propria
616 1845 677 1878 est
701 1844 845 1877 sancto
869 1836 1068 1884 Praesuli;
1094 1837 1286 1878 eamdem
1313 1837 1425 1878 enim

77 1905 200 1947 etiam
216 1906 386 1948 exhibet
408 1907 480 1948 lib.
499 1922 528 1952 1,
552 1908 602 1948 de
639 1906 813 1963 Spiritu
839 1915 1001 1953 sancto,
1027 1920 1104 1963 cap
1128 1921 1155 1948 1.
1182 1904 1426 1948 Paschasius

79 1977 458 2019 diaconuchlasio
472 1992 585 2033 papae
600 1977 864 2034 synchronus
889 1992 898 2018 ε
920 1976 1029 2019 sicut
1048 1985 1089 2018 et
1110 1976 1364 2020 Prudentius
1385 1976 1426 2019 in

80 2046 259 2103 Proefat.
283 2047 506 2103 Psychom..
529 2049 598 2088 sed
618 2047 835 2089 obscurius
856 2047 924 2088 llis
940 2054 1078 2088 autem
1098 2045 1294 2088 omnibus
1311 2046 1428 2104 praei-

79 2125 194 2160 verat
206 2117 398 2159 Clemens
412 2118 736 2166 Alexandrinus,
751 2118 820 2174 qui
836 2118 1026 2159 eamdem
1040 2117 1427 2174 interpretationem

82 2189 197 2245 quasi
227 2190 277 2230 ab
312 2189 490 2246 antiquis
514 2189 718 2244 theologis
750 2198 964 2245 acceptam
992 2189 1230 2230 luculenter
1249 2188 1429 2245 explicat

82 2260 156 2302 lib.
177 2275 242 2308 vi,
267 2259 533 2308 Stromaton,
560 2276 598 2316 p.
628 2260 726 2301 656.
757 2259 872 2300 Unde
898 2258 1168 2316 perspicuum
1199 2266 1261 2300 est
1282 2257 1429 2315 priscis

83 2329 162 2372 illis
194 2345 436 2387 persuasum
464 2329 706 2386 neutiquam
747 2327 872 2370 fuisse
904 2327 1101 2385 mysteria
1140 2327 1349 2384 religionis
1375 2327 1429 2369 ita

83 2399 232 2441 litteris
255 2400 460 2442 hebraicis
486 2401 622 2441 Deum
645 2399 808 2455 alligata
831 2397 1031 2445 voluisse,
1059 2405 1106 2438 ut
1126 2411 1211 2438 non
1237 2396 1363 2438 etiam
1390 2396 1431 2437 in

86 2469 229 2526 graecis
257 2468 560 2517 iudicarentur,
591 2469 947 2526 quemadmodum
971 2465 1141 2508 Domini
1163 2479 1334 2508 crucem
1360 2479 1433 2523 per

86 2539 341 2580 elementum
361 2553 543 2596 graecum
568 2560 591 2581 τ
620 2540 670 2581 ab
692 2537 912 2581 Ezechiele
931 2535 1137 2593 designari
1161 2535 1306 2579 asserit
1329 2535 1434 2578 Ter-

36 2623 40 2627 *
87 2609 307 2658 tullianus,
327 2609 405 2652 lib.
434 2625 506 2658 ιιι.
524 2620 678 2652 contra
701 2609 972 2651 Marcionem
988 2638 1000 2656 ‚
1020 2620 1112 2666 cap.
1136 2620 1234 2649 xxn.
