1768 3283
367 286 450 331 322
913 301 944 326 s,
988 298 1182 326 Aimnosu

360 377 443 420 vita
468 375 622 425 Filius,
656 375 738 418 vita
771 376 950 432 Spiritus
983 384 1164 417 sanctus.
1203 374 1314 416 Dixit
1347 375 1458 417 enim
1487 375 1672 418 Joanues
1707 390 1716 418 ι

372 447 527 498 «Quod
549 454 637 487 erat
665 447 716 487 ab
742 445 858 486 initio·
876 478 885 493 ‚
911 447 1022 501 quod
1052 445 1284 486 audivimus
1307 454 1346 486 et
1373 447 1485 501 quod
1509 446 1710 498 vidimus,
1760 444 1763 471 ³

361 535 378 557 n
393 525 434 558 et
450 517 581 558 oculis
604 515 753 556 nostris
771 515 1058 571 perspeximus
1077 547 1085 561 ‚
1110 523 1150 555 et
1173 530 1320 555 manus
1349 525 1500 556 nostrae
1519 524 1713 557 scrutatae

361 594 487 628 »suut
514 586 563 627 de
590 585 724 626 Verbo
749 585 841 625 vitae
867 600 875 625 :
898 593 939 625 et
961 584 1039 625 vita
1063 585 1277 641 apparuit,
1305 593 1346 625 et
1369 585 1547 627 vidimus
1568 595 1609 626 et
1635 594 1714 627 tes·
1761 631 1763 646 1

361 665 530 697 »tamur
561 663 603 696 et
634 653 929 695 annuntiamus
963 653 1080 694 vobis
1115 655 1166 695 de
1203 654 1282 694 vita
1305 686 1315 701 ,
1354 670 1445 709 qua>
1482 663 1570 695 erat
1606 654 1716 710 apud

360 725 594 768 »Patrem¹.
614 744 628 764 n
649 725 702 767 Et
724 724 909 767 Verbum
927 723 1019 765 vitze
1047 724 1148 765 dixit
1172 733 1212 765 et
1234 725 1383 771 vitam;
1415 731 1460 764 ut
1483 733 1524 765 et
1544 724 1714 765 Patrem
1760 727 1763 778 .]

361 798 487 839 vitam
511 794 764 852 significaret
783 803 824 836 et
845 794 1012 836 Filium.
1041 794 1166 844 Quod
1188 794 1299 834 enim
1323 803 1385 834 est
1403 794 1494 834 vitm
1518 793 1714 840 verbum,
1760 786 1763 826 Ᾰ

361 867 438 909 nisi
456 866 532 908 Dei
553 865 771 908 Verbum?
788 864 849 906 Ac
872 879 948 921 per
973 864 1052 905 hoc
1074 872 1115 904 et
1140 865 1249 905 Deus
1272 872 1313 904 et
1333 863 1515 905 Verbum
1537 863 1613 904 Dei
1637 863 1717 904 vita
1762 851 1763 881 ³

361 947 435 980 est.
470 936 520 978 Et
549 936 657 977 sicut
681 934 871 975 Verbum
901 934 995 975 vitae
1024 933 1203 982 dicitur,
1236 934 1289 974 ita
1323 942 1364 974 et
1395 933 1573 989 Spiritus
1607 933 1711 974 vitae.
1761 928 1763 958 5

362 1008 578 1064 Scriptum
611 1013 675 1047 est
709 1005 821 1046 enim
852 1004 958 1045 :«Et
985 1003 1167 1060 Spiritus
1201 1004 1294 1044 vitae
1330 1013 1420 1044 crat
1454 1005 1495 1045 in
1532 1003 1707 1044 rotis2.»
1760 995 1764 1034 ,³

360 1078 505 1133 Itaque
533 1076 641 1117 sicut
679 1074 868 1116 Verbum
907 1074 1002 1115 vitae
1039 1074 1119 1114 vita
1153 1082 1235 1120 est,
1272 1073 1324 1114 ita
1354 1081 1395 1114 et
1430 1073 1521 1114 vitae
1543 1073 1721 1130 Spiritus
1760 1066 1763 1086 ¹

364 1149 447 1190 vita
464 1156 539 1189 est.
1125 1144 1130 1149 ’
1762 1139 1763 1143 ’

421 1215 641 1258 CXLVIII.
679 1214 839 1271 Accipe
858 1228 972 1255 nunc
996 1213 1091 1269 quia
1115 1213 1226 1254 sicut
1249 1213 1377 1254 Pater
1399 1213 1492 1254 fons
1517 1212 1608 1254 vitae
1630 1220 1719 1260 est,

360 1287 418 1329 ita
434 1286 560 1328 etiam
585 1284 739 1327 Filium
762 1282 950 1340 plerique
973 1283 1132 1324 sontem
1159 1283 1251 1324 vitae
1278 1291 1576 1324 memorarunt
1601 1281 1724 1339 sigui-

359 1356 560 1405 ficatum3
595 1371 646 1397 eo
676 1355 789 1411 quod
821 1355 931 1410 apud
967 1362 1032 1401 te,
1072 1353 1234 1410 inquit,
1275 1354 1386 1395 Deus
1420 1352 1720 1410 omnipotens,

359 1426 490 1470 Filius
514 1434 610 1467 tuus
640 1424 731 1466 fons
756 1423 848 1465 vitae
878 1424 978 1471 sit³‚
1014 1423 1094 1464 hoc
1127 1432 1209 1469 est,
1236 1423 1326 1464 sons
1349 1422 1526 1480 Spiritus
1560 1422 1720 1470 sanem
1759 1446 1764 1455 ·

362 1497 457 1554 quia
487 1495 666 1553 Spiritus
697 1494 775 1536 vita
812 1502 897 1543 est,
938 1494 1048 1536 sicut
1074 1495 1278 1536 Dominus
1313 1494 1396 1535 ait:
1426 1493 1601 1536 «Verba
1629 1508 1721 1548 quae
1758 1523 1762 1550 3

363 1588 378 1606 »
394 1582 469 1623 ego
490 1568 657 1608 locutus
680 1579 772 1607 sum
796 1564 940 1612 vobis,
966 1565 1136 1621 spiritus
1159 1572 1199 1605 et
1223 1564 1303 1605 vita
1327 1563 1450 1605 511111Δ
1467 1580 1477 1612 ;
1496 1582 1511 1603 »
1535 1563 1630 1619 qula
1651 1561 1724 1603 ubi
1759 1554 1763 1566 ¹

367 1636 576 1693 Spiritus,
609 1644 651 1677 et
690 1635 773 1677 vita
813 1643 912 1676 est:
946 1642 988 1675 et
1021 1633 1091 1675 ubi
1126 1634 1207 1676 vita
1244 1642 1337 1682 est,
1373 1633 1498 1674 etiam
1541 1631 1722 1688 Spiritus
1760 1633 1762 1668 Ξ

366 1715 550 1749 sanctus.
1170 1700 1174 1702 Δ

425 1776 613 1818 CXLIX.
649 1774 845 1831 Plerique
868 1782 1011 1815 tamen
1038 1774 1119 1815 hoc
1144 1775 1238 1815 loco
1260 1773 1426 1815 Patrem
1453 1773 1600 1814 volunt
1629 1779 1722 1812 tan·
1758 1784 1763 1817 ι

368 1847 589 1888 tummodo
623 1860 698 1902 per
729 1844 888 1885 sontem
928 1843 1233 1900 significatum,
1273 1857 1512 1899 quanquam
1554 1841 1721 1883 videant
1753 1838 1759 1859 ‘¹

371 1917 473 1974 quid
507 1916 722 1972 Scriptura
760 1915 1054 1956 memoraverit
1085 1930 1093 1955 :
1127 1932 1141 1952 (ι
1168 1914 1292 1970 Apud
1321 1922 1387 1961 te,
1424 1912 1583 1968 iuquit,
1628 1911 1719 1953 sons

374 1987 521 2034 mitre,
544 2005 558 2024 »
580 1986 661 2027 hoc
691 1993 775 2031 est,
809 1986 918 2041 apud
946 1984 1111 2025 Patrem
1141 1984 1295 2030 Filius;
1316 1983 1513 2039 quoniam
1535 1980 1719 2023 Verbum
1756 1992 1760 2004 ¹

379 2057 490 2114 apud
510 2056 645 2098 Deum
659 2087 669 2103 ,
697 2055 808 2110 quot]
830 2062 919 2095 erat
937 2054 977 2094 in
997 2053 1202 2110 principio
1217 2085 1226 2100 ,
1245 2061 1286 2099 et
1308 2060 1396 2093 erat
1412 2052 1523 2107 apud
1544 2049 1716 2092 Deum⁵.

438 2126 518 2169 CL.
558 2126 641 2168 Sed
667 2125 751 2166 sive
768 2126 932 2166 Patrem
956 2124 1046 2180 quis
1065 2123 1144 2164 hoc
1166 2124 1281 2170 loco,
1303 2122 1387 2163 sive
1407 2121 1559 2163 Filium
1579 2118 1725 2161 intelli·
1752 2136 1754 2139 ’

378 2207 447 2256 gat
468 2198 654 2244 sontem3
677 2195 833 2237 sontem
862 2194 1007 2249 utique
1035 2193 1306 2250 intelligimus
1329 2207 1412 2234 non
1441 2207 1554 2247 aquae
1581 2190 1722 2238 istius,
1752 2190 1754 2205 ³

379 2284 471 2325 quse
494 2275 685 2310 creatura
705 2273 766 2307 est
787 2280 796 2306 ε
823 2265 897 2306 sed
920 2264 1068 2305 divinae
1095 2264 1204 2304 illius
1226 2263 1390 2319 gratiae,
1414 2262 1495 2303 hoc
1523 2269 1607 2309 est,
1630 2259 1720 2316 Spi-
1757 2272 1759 2281 ¹

384 2339 488 2381 ritus
508 2335 663 2386 sancti,
687 2335 774 2391 ipse
796 2342 858 2375 est
879 2333 990 2374 enim
1014 2347 1118 2388 aqua
1141 2331 1243 2373 viva.
1276 2331 1500 2387 Propterea
1523 2329 1726 2372 Dominus
1751 2327 1759 2385 f

392 2407 523 2450 dicit:
554 2405 629 2448 «Si
650 2404 777 2447 scires
806 2403 964 2445 donum
996 2401 1094 2450 Dei,
1124 2410 1165 2443 et
1195 2401 1286 2457 quis
1315 2409 1377 2442 est
1399 2399 1470 2456 qui
1493 2398 1593 2441 dicit
1622 2396 1725 2440 tibi:
1751 2412 1752 2423 ¹

428 2530 439 2546 ¹
474 2531 487 2552 1
519 2520 615 2553 Joan.
644 2530 681 2558 ι,
711 2528 751 2558 1,
786 2529 817 2549 2.
849 2535 890 2541 —-
925 2525 939 2540 2
973 2515 1089 2548 Ezech.
1119 2526 1158 2551 1,
1194 2524 1245 2548 20.
1274 2531 1316 2539 —
1344 2512 1357 2535 ³
1386 2511 1470 2546 Psal.
1503 2521 1578 2552 xxv,
1609 2521 1658 2545 ιο.
1689 2528 1729 2536 -

380 2577 510 2610 ⁴Joan.
540 2585 598 2614 vu,
619 2573 674 2613 64.
703 2591 744 2599 --·
769 2573 784 2597 ⁵
806 2571 856 2605 ld.
884 2583 918 2609 ι,
952 2581 979 2602 ι.

1703 2864 1711 2871 ι

1746 3109 1753 3283 ἐπὸ-..-φῇ
1750 3097 1753 3102 ,
1747 2814 1754 3084 nm<ffl-ae
1748 2780 1754 2806 „2-
1749 2498 1756 2765 -ae-ffl-m-—ffl
