1768 3283
295 306 377 354 524
896 317 1032 346 innax.

336 395 463 427 demum
481 394 564 438 quod
579 405 689 426 manus
708 394 790 426 Filio
806 400 838 428 et
854 395 987 438 Spiritui
1010 394 1143 437 perinde
1161 395 1354 434 conveniat,
1371 405 1407 427 ac
1423 395 1554 438 Spiritui

335 455 368 481 et
389 449 470 480 Filio
489 449 616 490 digitus.

295 506 402 536 cunr
425 502 485 535 VI.
509 504 666 545 Spiritum
683 504 814 546 perinde
828 514 863 535 ac
885 504 1013 536 Patrem
1031 509 1062 537 et
1080 504 1196 536 Filium
1213 515 1344 546 arguere
1360 516 1367 542 ;
1395 505 1460 537 imo
1481 515 1558 537 vero

336 557 478 598 judicare
489 568 553 589 non
571 568 659 599 posse
670 557 792 599 judices
807 558 925 601 absque
940 559 1007 600 ipso
1018 581 1027 597 ‚
1047 564 1082 591 ut
1098 558 1276 590 Salomonis
1291 559 1496 601 Danielisque
1508 558 1559 600 ju-

338 610 428 642 diciis
442 634 452 649 ‚
470 621 541 654 quae
556 611 663 643 obiter
679 612 787 654 paucis
800 612 1012 654 explicantur,
1031 612 1231 649 ostenditur:
1255 623 1359 654 neque
1380 612 1476 644 alium
1493 612 1560 644 Da-

339 663 416 695 nieli
432 664 583 706 aspirasse
594 687 604 704 ,
622 675 716 707 quam
733 665 889 708 Spiritum
903 671 1057 698 sanctum.
1584 663 1648 707 594

296 717 403 749 ΟΑΡοτ
417 718 498 750 Vll.
519 718 635 750 Filium
653 719 755 761 ipsum
767 730 830 751 non
840 719 984 761 judicare
1002 725 1056 752 aut
1068 719 1233 752 vindicare
1245 720 1312 752 sine
1324 719 1464 763 Spiritu:
1478 719 1564 752 unde

341 773 424 804 idem
442 772 581 814 Spiritus
598 772 696 805 Verbi
716 773 836 814 gladius
852 774 1043 816 appellatur.
1074 775 1137 806 Sed
1162 785 1234 807 cum
1258 776 1395 808 vicissim
1418 775 1561 807 Verbum

342 825 466 858 dicatur
480 827 618 869 Spiritus
634 827 775 870 gladius.
787 838 943 859 summam
957 828 989 860 in
1002 833 1138 872 utroque
1153 828 1306 871 potentiae
1321 829 1473 861 unitatem
1490 828 1564 861 inde

341 881 504 922 cognosci.

303 934 415 966 Carm-
430 935 532 968 Vnt.
550 936 740 969 Praedictam
757 936 915 969 unitatem
941 947 980 968 eo
1003 935 1154 978 probari,
1182 936 1270 980 quod
1286 937 1367 970 sicut
1388 937 1498 975 Pater,
1521 937 1566 970 ita

344 989 440 1021 etiam
454 990 553 1021 Filius
569 990 750 1023 contristari
768 1001 804 1022 ac
820 990 939 1024 tentari
952 990 1078 1032 legitur.
1096 991 1271 1023 Tentatum
1286 993 1381 1024 etiam
1398 991 1519 1023 Filium
1533 992 1566 1023 in

344 1042 473 1075 deserto
485 1066 494 1082 ,
511 1043 564 1075 ubi
582 1050 687 1076 erecta
699 1044 758 1077 fuit
775 1044 806 1076 in
820 1054 910 1076 aeneo
924 1049 1072 1087 serpente
1086 1043 1184 1084 figura
1201 1044 1301 1076 crucis
1316 1056 1325 1076 ε
1341 1045 1395 1076 sed
1412 1045 1569 1086 Spiritum

347 1107 475 1140 quoque
493 1098 614 1130 ibidem
628 1104 789 1131 tentatum
803 1099 865 1130 dici
883 1098 922 1130 ab
943 1098 1107 1141 Apostolo.
1129 1098 1216 1130 Hinc
1233 1098 1396 1131 lsraeliias
1408 1098 1448 1130 ab
1459 1099 1570 1131 eodem

346 1150 469 1192 Spiritu
485 1151 624 1184 directos
642 1152 674 1184 in
692 1159 811 1186 terram
832 1152 1019 1194 promissam
1031 1176 1040 1191 ‚
1058 1152 1181 1195 ipsique
1201 1163 1295 1184 unam
1309 1163 1376 1184 esse
1390 1163 1461 1184 cum
1474 1152 1570 1185 Patre

346 1211 376 1237 et
394 1205 476 1238 Filio
494 1207 692 1240 voluntatem
706 1218 742 1240 ac
754 1209 933 1250 potentiam
945 1207 1065 1249 colligit
1078 1207 1275 1240 Ambrosius.
1594 1207 1657 1249 598

302 1259 412 1291 Onu-r
430 1260 494 1292 IX.
528 1261 685 1303 Spiritum
701 1269 846 1296 sanctum
861 1263 1046 1295 exacerbari
1061 1262 1268 1294 confirmatur
1281 1273 1318 1294 ex
1336 1262 1424 1295 Petri
1442 1262 1571 1299 verbis:

348 1314 402 1345 ubi
419 1326 520 1347 unum
543 1322 575 1349 ct
600 1316 684 1348 idem
701 1327 767 1348 esse
786 1317 943 1359 Spiritum
956 1317 1041 1355 Dei,
1059 1327 1095 1349 ac
1111 1316 1268 1358 Spiritum
1282 1316 1435 1352 Domini,
1452 1326 1522 1348 cum
1537 1327 1576 1348 ex

349 1369 417 1400 aliis
432 1370 509 1402 locis
522 1396 532 1408 ,
552 1376 619 1403 tum
635 1381 652 1403 e
668 1378 845 1405 memorata
860 1372 1002 1413 ejusdem
1018 1371 1161 1414 Apostoli
1179 1371 1335 1403 sententia
1354 1371 1393 1402 'in
1415 1371 1575 1402 Ananiam

347 1433 384 1454 ac
401 1424 570 1466 Saphiram
587 1425 787 1458 ostenditur:
805 1426 889 1458 unde
906 1425 1044 1468 Spiritus
1061 1425 1158 1457 sancti
1174 1425 1223 1456 vel
1239 1436 1309 1456 cum
1329 1424 1422 1457 Patre
1433 1435 1468 1457 ac
1485 1424 1568 1456 Filio

349 1479 610 1519 conjunctionem
621 1504 630 1516 ,
644 1481 694 1512 vel
714 1481 877 1522 propriam
895 1480 1106 1512 Divinitatem
1120 1479 1223 1511 evinci
1241 1478 1460 1512 contenditur.
1598 1477 1657 1516 401

308 1530 414 1564 CArur
429 1533 472 1565 X.
492 1533 630 1575 Spiritus
641 1534 743 1567 sancti
759 1534 969 1567 Divinitatem
986 1533 1083 1566 astrui
1097 1544 1135 1565 ex
1150 1533 1285 1565 Joannis
1300 1533 1381 1565 loco.
1397 1533 1494 1564 Hunc.
1505 1531 1576 1575 qui-

354 1585 426 1617 dem
442 1586 581 1619 deletum
599 1588 693 1620 fuisse
710 1588 749 1620 ab
767 1588 928 1621 haereticis
941 1614 948 1624 ‚
966 1594 999 1621 at
1014 1587 1102 1620 inani
1117 1593 1250 1625 conatu;
1269 1598 1340 1619 cum
1359 1587 1434 1619 inde
1456 1587 1579 1618 facilius

354 1649 463 1672 eorum
480 1641 615 1682 perfidia
635 1642 779 1674 convinci
798 1642 910 1685 possit.
928 1641 974 1674 Ut
990 1640 1177 1673 ostendatur
1189 1640 1240 1671 hic
1257 1640 1339 1672 idem
1355 1640 1441 1672 locus
1457 1650 1523 1672 esse
1538 1639 1578 1671 de

355 1693 476 1734 Spiritu
492 1716 501 1725 .
520 1700 689 1727 contextus
701 1695 799 1727 series
812 1694 1016 1738 expenditur.
1045 1693 1128 1725 Eum
1146 1693 1184 1725 de
1203 1693 1326 1735 Spiritu
1339 1698 1448 1725 sancto
1474 1692 1556 1724 nasci
1572 1715 1582 1727 .

357 1747 410 1789 qui
426 1749 602 1780 renascitur
618 1749 657 1780 de
668 1749 780 1781 codem
798 1749 919 1791 Spiritu
932 1772 941 1785 ‚
959 1748 998 1779 de
1012 1757 1075 1789 quo
1092 1746 1239 1779 Christus
1253 1746 1319 1789 ipse
1334 1752 1425 1778 natus
1438 1757 1473 1778 ac
1488 1755 1581 1778 rena-

356 1804 405 1831 tus
421 1801 708 1834 ereditur.1terum
722 1813 761 1834 ex
775 1802 898 1834 duobus
912 1801 1051 1834 Joannis
1065 1800 1253 1833 testimoniis
1268 1800 1428 1842 colligitur
1442 1799 1581 1842 Spiritus

358 1853 517 1886 Divinitas
529 1878 540 1893 ‚
558 1865 593 1887 ac
610 1856 738 1888 demum
758 1856 918 1899 quomodo
935 1855 1073 1899 Spiritus
1087 1879 1096 1895 ,
1119 1865 1200 1897 aqua
1217 1859 1247 1886 et
1267 1855 1391 1896 sanguis
1408 1860 1502 1887 testes
1528 1853 1581 1884 di-

358 1912 482 1946 cantur,
500 1909 684 1951 exponitur.
1607 1907 1668 1946 405

318 1961 500 1994 Caranl.
525 1963 751 2005 Objiciebatur
766 1964 902 1997 Joannis
917 1964 1016 1997 verba
1029 1987 1038 2003 ,
1057 1964 1206 1996 nimirum
1221 1987 1231 2003 ‚
1248 1964 1393 2003 Spiritus
1414 1968 1459 1996 est
1474 1964 1581 2002 Deus,

360 2016 399 2046 ad
415 2017 518 2048 Deum
546 2018 676 2050 Patrem
694 2017 861 2050 reserenda
878 2029 966 2056 esse3
993 2018 1122 2061 quando
1139 2024 1246 2061 postea
1264 2019 1367 2049 Deum
1381 2017 1579 2049 adorandum

360 2069 391 2099 ἰη
405 2069 531 2110 Spiritu
550 2075 580 2101 et
595 2071 730 2103 veritate
744 2071 888 2114 praedicit
900 2071 1059 2104 Christus.
1075 2071 1300 2114 Respondetur
1315 2071 1418 2113 primo
1431 2082 1507 2103 voce
1521 2071 1581 2112 spi-

360 2123 438 2154 ritus
458 2124 617 2156 interdum
643 2126 777 2166 gratiam
793 2126 967 2167 spiritalem
991 2125 1158 2167 significari
1185 2136 1192 2156 :
1222 2125 1339 2157 ‹leinde
1361 2125 1384 2157 si
1413 2135 1581 2167 personam

364 2176 502 2218 Spiritus
519 2178 617 2210 sancti
635 2190 693 2221 per
706 2189 797 2211 voces
813 2180 845 2211 ἱη
862 2180 976 2217 spiritu
993 2179 1230 2221 intelligendam
1257 2178 1376 2217 velint,
1398 2183 1582 2221 propterea-

364 2239 425 2270 que
443 2230 500 2270 ipsi
519 2231 630 2263 deberi
648 2238 765 2274 negent
779 2232 999 2265 adorationem
1012 2258 1020 2269 ,
1046 2233 1225 2265 ostenditur
1253 2238 1472 2274 argumentum
1494 2242 1582 2274 aeque

365 2293 504 2323 pugnare
522 2283 552 2315 in
573 2285 691 2317 Filium
712 2297 719 2316 z
738 2297 832 2329 quem
850 2291 954 2318 tamen
972 2297 1042 2317 cum
1057 2286 1253 2318 adorandum
1266 2286 1430 2318 innumera
1446 2286 1585 2328 probent

366 2335 509 2376 exempla
522 2359 531 2375 ‚
549 2337 624 2369 hinc
639 2338 678 2370 de
691 2339 813 2381 Spiritu
827 2350 953 2382 quoque
970 2339 1051 2371 idem
1069 2339 1272 2371 statuendum
1286 2339 1486 2381 intelligitur.
1499 2340 1586 2383 Quid

372 2388 496 2420 adorari
515 2390 698 2432 praecipitur
714 2392 885 2424 scabellum
907 2393 1041 2435 pedum?
1061 2393 1133 2424 Hoc
1146 2392 1300 2434 designari
1316 2393 1445 2425 Domini
1460 2404 1587 2436 corpus.

362 2443 449 2484 cujus
460 2453 532 2474 cum
545 2450 655 2475 auctor
672 2446 712 2477 sit
731 2445 870 2487 Spiritus
882 2470 891 2487 ,
912 2447 1014 2489 ipsum
1037 2447 1181 2489 sequitur
1205 2447 1402 2480 adorandum
1428 2458 1513 2488 esse,
1530 2459 1590 2481 nec

369 2501 473 2528 tamen
489 2497 623 2539 proinde
636 2499 771 2531 Mariam
785 2500 991 2533 adorandam.
1017 2500 1088 2533 Non
1107 2512 1182 2543 ergo
1197 2501 1343 2543 abrogari
1358 2502 1496 2545 Spiritus
1507 2502 1587 2534 ado·

367 2551 523 2582 rationem
541 2574 549 2587 ,
567 2552 621 2584 sed
639 2555 706 2596 eius
723 2564 793 2586 cum
806 2554 900 2587 Patre
914 2555 1172 2596 conjunctionem
1186 2555 1320 2598 exprimi
1334 2579 1343 2595 ‚
1357 2567 1428 2588 cum
1445 2557 1540 2589 Pater
1555 2556 1588 2588 ἱη

366 2604 493 2645 Spiritu
514 2605 635 2639 dicitur
649 2608 828 2641 adorandus
845 2620 852 2641 :
870 2610 956 2653 quod
970 2610 1126 2643 similibus
1140 2610 1354 2643 locutionibus
1368 2610 1588 2644 confirmatur.
1612 2610 1674 2653 407

1579 451 1640 493 392

1586 883 1650 925 597
