1806 3256
395 273 478 330 ’546
940 289 972 317 s.
1012 286 1204 317 Amnem

381 435 1740 462 mmmmvwmuwwummmmmmmmxmmmmmmmmmvwmmmmm

924 553 1099 597 CAPUT
1130 554 1200 596 111.

391 686 538 730 Verba
558 685 637 727 illa
656 699 671 725 :
691 682 841 726 Omnis
864 683 939 724 viri
969 690 1093 739 caput
1125 682 1316 724 Christus
1321 713 1412 726 .....
1450 693 1576 742 caput
1598 694 1738 730 autem
1790 666 1792 683 ἶ

446 755 602 801 Christi
634 755 784 802 Deus;
819 754 967 810 primo
1005 753 1055 793 in
1087 753 1302 795 Arrianos
1335 755 1447 810 ipsos
1480 764 1698 811 retorquet
1725 767 1740 798 .'·

444 826 603 872 deinde
629 823 797 866 Christi
814 833 990 864 tantum
1010 825 1250 865 secundum
1265 834 1472 865 naturam
1495 823 1742 867 humanam
1790 822 1796 835 '

444 893 709 938 considerati
738 892 882 934 Deum
910 903 1039 948 caput
1066 908 1151 934 esse
1180 909 1234 934 ex
1252 894 1341 935 alio
1361 893 1602 949 Scriptaroe
1625 896 1739 944 loeo,

443 979 572 1020 quem
603 963 787 1019 objicere
816 961 1009 1004 solebant
1041 963 1176 1004 iidem
1203 963 1419 1012 haeretici,
1450 965 1609 1020 probat
1627 982 1642 1006 .·
1666 980 1743 1007 nec
1792 999 1797 1020 ὲ

438 1031 702 1090 prudentius
723 1047 891 1086 quoque
913 1032 1157 1088 oppositum
1185 1033 1239 1074 ab
1272 1034 1376 1085 ipsis
1398 1043 1564 1075 temtum
1588 1035 1713 1075 illum
1729 1049 1743 1075 .·

443 1102 527 1154 Qui
551 1110 694 1144 autem
719 1103 904 1158 plantat,
931 1110 973 1143 et
997 1102 1067 1158 qui
1096 1102 1227 1158 rigat,
1263 1118 1393 1144 unum
1422 1111 1532 1147 sunt.
1573 1104 1744 1155 Quibus

445 1172 698 1227 eaeplicatis,
732 1186 818 1228 quo
847 1182 974 1227 pacto
1010 1172 1144 1214 Pater
1186 1172 1235 1213 in
1266 1172 1409 1223 Filio,
1445 1183 1485 1215 et
1519 1173 1664 1215 Filius
1696 1175 1745 1214 in

445 1241 602 1290 Patre,
641 1257 719 1283 nec
753 1257 843 1284 non
879 1243 929 1282 in
974 1252 1156 1297 utroque
1197 1242 1347 1298 fideles
1385 1258 1471 1285 csse
1506 1243 1743 1293 dicamur,

447 1313 662 1370 aperitur.

448 1456 646 1501 XXVIII.
683 1458 844 1504 ITAQUE
875 1456 1147 1499 discutiamus
1172 1472 1318 1500 eorum
1343 1458 1442 1500 alias
1471 1459 1738 1515 quoestiones.

387 1527 601 1585 Scriptum
620 1536 704 1575 est,
728 1527 951 1583 inquiunt:
976 1545 991 1565 α
1010 1527 1157 1569 Omnis
1180 1528 1256 1568 viri
1279 1538 1404 1585 caput
1435 1529 1625 1571 Christus
1653 1538 1744 1579 est,

390 1606 547 1654 »caput
567 1606 706 1639 autem
731 1597 917 1638 mulieris
942 1598 1017 1645 vir,
1038 1607 1165 1655 caput
1190 1607 1327 1640 autem
1361 1598 1516 1640 Christi
1540 1598 1694 1640 Deus¹.
1719 1618 1734 1636 »

392 1667 486 1719 Qua
512 1667 552 1709 in
573 1667 798 1724 quaestione
817 1667 957 1708 dicant
980 1667 1079 1708 mihi
1096 1700 1105 1715 ,
1134 1668 1255 1709 velim
1274 1701 1283 1715 ‚
1307 1676 1449 1709 utrum
1467 1668 1744 1725 conjungere,

395 1752 446 1779 an
467 1737 651 1779 dividere
670 1737 756 1778 haec
773 1748 951 1793 quatuor
970 1737 1110 1778 velint.
1135 1736 1176 1778 Si
1193 1738 1304 1778 enim
1325 1737 1597 1795 conjungere,
1624 1746 1748 1793 atque

394 1806 448 1849 ita
472 1806 620 1848 dicunt
642 1806 774 1847 Deum
801 1816 926 1863 caput
947 1822 1036 1848 esse
1061 1806 1239 1855 Christi,
1267 1807 1375 1848 sicut
1399 1807 1458 1847 vir
1479 1816 1540 1848 est
1560 1806 1746 1847 mulierIS

395 1885 544 1933 caput,
563 1875 698 1917 videte
720 1876 820 1932 quid
844 1877 1040 1917 incidant.
1072 1877 1174 1918 Nam
1200 1877 1230 1917 si
1265 1877 1351 1918 haec
1377 1885 1574 1932 tanquam
1598 1891 1648 1917 ex
1670 1890 1746 1932 pa-

396 1947 514 1988 ribus
532 1955 697 2004 sumpta
716 1956 776 1988 est
798 1948 1075 2002 comparauit),
1096 1957 1136 1988 ct
1161 1948 1248 1989 haec
1271 1956 1467 2003 quatuor,
1495 1949 1535 1988 id
1554 1955 1639 1995 est,
1662 1961 1747 1987 mu-

395 2015 490 2064 lier,
509 2017 585 2064 vir,
613 2016 823 2064 Christus,
850 2027 891 2057 et
907 2018 1039 2063 Deus,
1061 2018 1176 2073 quasi
1196 2033 1246 2058 cx
1273 2019 1394 2058 unius
1414 2027 1537 2072 atquc
1559 2017 1749 2073 ejusdem

396 2094 556 2127 naturae
590 2086 862 2128 similitudine
891 2097 1188 2143 comparantur
1216 2104 1225 2129 ε
1258 2104 1358 2145 crgo
1382 2088 1535 2130 mulier
1564 2095 1606 2129 et
1637 2087 1748 2129 Deus
1799 2110 1802 2116 =

397 2155 521 2197 unius
543 2155 743 2212 incipient
765 2172 854 2198 esse
877 2165 1050 2199 naturae.

454 2225 617 2269 XXIX.
655 2227 782 2277 Quod
816 2227 848 2267 si
884 2226 963 2268 hoc
1007 2227 1199 2284 displicet
1218 2260 1228 2276 ,
1273 2227 1368 2284 quia
1398 2227 1649 2283 sacrilegum
1686 2234 1750 2268 est

400 2295 556 2345 dicere,
577 2304 622 2338 ut
642 2298 788 2338 volunt
811 2297 1008 2340 dividant.
1034 2299 1177 2355 ltaque
1196 2299 1227 2340 si
1251 2298 1463 2340 Christum
1483 2299 1593 2356 apud
1613 2299 1748 2340 Deum

398 2365 564 2409 Patrem
595 2366 649 2408 ita
687 2369 833 2408 volunt
862 2383 973 2417 esse,
1009 2369 1116 2410 sicut
1153 2378 1214 2411 est
1247 2370 1399 2412 mulier
1434 2371 1545 2427 apud
1589 2368 1747 2416 virum;

401 2436 526 2479 unius
548 2437 693 2494 utique
724 2437 939 2480 Christum
960 2449 1001 2481 et
1023 2441 1155 2481 Deum
1180 2440 1327 2482 dicunt
1362 2456 1451 2483 esse
1482 2438 1748 2486 substantiae,
1804 2439 1806 2482 J

399 2507 600 2563 quoniam
621 2508 772 2550 mulier
792 2518 835 2552 et
857 2510 917 2551 vir
939 2511 1062 2553 unius
1084 2519 1180 2554 sunt
1206 2512 1247 2554 in
1265 2527 1391 2555 carne
1414 2510 1600 2556 naturae²
1623 2524 1633 2553 :
1654 2524 1751 2553 nam
1804 2521 1806 2524 ⁴

447 2618 456 2632 ¹
482 2619 495 2642 ι
514 2609 596 2643 Cor.
618 2621 665 2650 xi,
685 2611 716 2646 5.
733 2629 774 2637 —-
790 2618 808 2637 ι·
823 2612 905 2645 Gen.
922 2624 957 2652 ιι,
974 2611 1024 2652 2’4.
