1768 3283
0 0 8 100 l

0 101 7 209 1

0 220 6 282 ι

0 286 5 390 ί

0 405 4 676 ἱ

0 678 1 710 ι

0 721 2 754 ι

0 773 2 827 l

0 857 1 874 l

0 877 2 898 l

392 337 444 362 DE
480 335 640 362 srimrv
674 335 851 371 SANCTO,
885 337 964 364 Lm.
1004 338 1064 365 ιιι.
1330 330 1416 384 427

69 421 143 456 est.
170 413 360 469 Denique
383 422 563 455 tentator
585 422 630 455 ut
655 423 815 462 tentet,
840 415 979 471 copias
1003 415 1250 471 pollicetur:
1273 426 1313 459 et
1336 419 1415 459 Do-

69 483 208 526 minus
231 492 276 525 ut
292 484 444 534 vincat,
465 483 614 525 famem
634 483 778 526 nutrit.
801 484 888 527 Nec
910 499 987 541 ego
1005 484 1185 527 diffiteor
1203 486 1244 527 in
1265 487 1414 530 divitiis

69 568 157 595 esse
179 568 299 611 posse
321 554 620 596 continentiam
648 571 656 596 :
683 555 755 597 sed
790 557 865 597 etsi
892 556 963 612 qui
984 571 1099 598 mare
1122 558 1307 614 navigat,
1332 558 1417 600 sre-

66 632 243 680 quenter
262 625 399 665 evadit
416 642 424 673 ;
449 625 578 680 magis
594 634 732 667 tamen
752 626 956 668 obnoxius
973 635 1034 668 est
1053 626 1239 683 periculo
1255 659 1266 676 ,
1290 643 1416 685 quam

71 694 140 750 qui
169 694 360 751 navigare
381 696 575 736 noluerit.

130 762 283 805 CXXI.
323 763 548 806 Videamus
577 775 740 808 caetera.
782 766 1068 808 Promissurus
1092 781 1266 822 regnum
1291 768 1420 808 coelo-

70 847 166 874 rum
182 833 304 874 Jesus
324 842 511 875 montem
535 836 763 877 ascendit&
799 835 910 877 Alibi
934 850 1010 891 per
1031 843 1117 876 sata
1142 835 1258 876 ducit
1285 835 1423 877 Disci-

70 904 190 959 pulos
213 902 226 923 ²
243 936 252 951 ,
306 904 584 946 seminaturus
633 905 675 946 in
719 920 866 946 eorum
917 904 1151 946 affectibus.
1191 905 1422 946 coelestium

72 982 254 1030 segetem
289 984 594 1032 praeceptorum
618 993 629 1024 ;
675 985 722 1017 ut
764 975 910 1017 messis
952 975 1186 1018 animorum
1227 975 1425 1017 foecunda

72 1043 329 1086 flavesceret.
359 1045 737 1088 Consummaturus
759 1055 963 1103 susceptae
982 1045 1120 1087 carnis
1144 1045 1279 1087 officia
1298 1078 1308 1093 ,
1329 1061 1425 1087 cum

71 1113 374 1171 perfectionem
408 1115 450 1156 in
479 1116 702 1172 Discipulis
737 1117 822 1172 jam
857 1115 1034 1166 videret,
1064 1129 1167 1171 quos
1200 1115 1425 1156 verborum

74 1198 246 1225 suorum
272 1185 413 1226 radice
436 1184 711 1234 fundaverat,
737 1186 907 1227 hortum
936 1183 1211 1241 ingreditur³‚
1242 1193 1288 1226 ut
1315 1185 1428 1225 olea—

73 1269 169 1296 rum
205 1256 390 1296 novellas
429 1255 469 1296 in
511 1256 637 1297 domo
680 1255 849 1297 Domini
884 1254 1148 1312 plantaret⁶‚
1191 1263 1232 1296 et
1273 1254 1429 1307 iustum

75 1326 222 1381 palmae
265 1324 487 1366 florentem
528 1327 680 1374 modo,
723 1326 935 1381 vitemque
969 1324 1206 1366 soecuudam
1242 1323 1329 1365 rivo
1366 1323 1432 1365 sui

76 1394 290 1451 sanguinis
314 1394 521 1451 irrigaret.

137 1464 312 1507 CXXII.
350 1465 439 1507 Hoc
462 1481 628 1522 quoque
652 1467 746 1507 loco
777 1466 817 1506 in
842 1465 1006 1522 porticu
1038 1464 1272 1506 Salomonis
1295 1465 1434 1505 dcam-

77 1536 251 1577 bulabat
276 1535 572 1583 dedicationis,
604 1545 650 1577 ut
677 1529 881 1591 legimus,
910 1534 1022 1582 die⁵,
1055 1535 1136 1575 hoc
1159 1543 1244 1582 est,
1271 1534 1311 1575 iu
1342 1550 1436 1591 pec-

80 1612 169 1646 tore
192 1604 400 1660 Sapientis
423 1614 546 1661 atque
568 1604 735 1647 Pacifici
762 1605 1061 1646 deambulabat
1088 1604 1278 1646 Christus
1295 1637 1306 1653 ,
1345 1604 1435 1659 ejus

80 1673 157 1715 sibi
187 1673 456 1715 dedicaturus
493 1674 705 1717 affectum.
742 1676 845 1726 Quae
875 1674 950 1715 ista
986 1674 1176 1731 porticus
1209 1674 1286 1721 sit,
1313 1677 1435 1716 docet

79 1744 289 1801 Propheta
323 1744 496 1787 dicens:
533 1746 896 1787 «Deambulabam
933 1746 973 1786 in
1019 1745 1259 1786 innocentia
1298 1747 1436 1787 cordis

83 1815 193 1856 »mei
219 1814 260 1855 in
282 1816 420 1856 medio
446 1817 594 1857 domus
618 1815 740 1857 tuae⁶.
766 1834 779 1853 n
802 1815 1015 1856 Habemus
1035 1829 1135 1871 ergo
1159 1814 1200 1855 in
1220 1815 1341 1855 nobis
1368 1815 1439 1855 do-

80 1898 198 1925 mum
225 1883 326 1933 Dei,
361 1884 564 1927 habemus
595 1886 723 1933 atria,
758 1885 964 1927 habemus
999 1892 1041 1925 et
1067 1884 1276 1940 porticus,
1313 1884 1441 1925 habc-

83 1969 177 1995 mus
208 1963 249 1995 et
283 1956 462 2011 plateas;
495 1956 588 2012 quia
626 1957 829 2014 scriptum
867 1963 960 1996 est:
986 1971 1001 1992 α
1021 1955 1154 2010 Inque
1187 1954 1335 2010 plateis
1360 1954 1440 1995 tuis

86 2024 377 2081 »superfluant
404 2040 519 2082 aquae
546 2026 669 2068 tuae⁷‚
697 2045 710 2065 ι)
735 2026 868 2068 Dilata
890 2040 990 2082 ergo
1013 2025 1124 2066 hanc
1145 2024 1357 2080 porticum
1379 2024 1437 2065 tui

85 2094 223 2135 cordis
247 2093 325 2135 Dei
356 2094 520 2144 Verbo,
552 2097 663 2152 quod
697 2096 772 2138 tibi
808 2095 908 2137 dicit
932 2110 941 2136 ι
967 2113 981 2133 (ι
1002 2095 1138 2136 Dilata
1161 2109 1205 2135 os
1229 2102 1348 2135 tuum
1364 2126 1373 2141 ,
1397 2102 1438 2136 et

86 2181 103 2203 ι
119 2163 356 2219 adimplebo
379 2164 522 2208 illudS.
545 2186 559 2204 s>

147 2233 344 2275 CXXIII.
381 2235 491 2291 Ergo
534 2236 805 2278 deambulans
845 2236 885 2277 in
918 2235 1046 2277 corde
1083 2233 1281 2290 sapientis
1319 2243 1442 2290 atque

88 2302 212 2359 pacifi
231 2304 307 2346 Dei
326 2304 511 2347 Verbum
532 2340 541 2355 ,
560 2307 777 2347 audiamus
801 2307 901 2362 quid
917 2307 1114 2361 loquatur
1137 2320 1146 2345 z
1171 2322 1186 2343 a
1204 2305 1290 2362 Ego
1314 2313 1354 2346 et
1375 2305 1447 2346 Pa-

89 2381 182 2415 »ter
199 2391 330 2416 uuum
356 2376 538 2418 sumus⁰.
569 2396 582 2415 n
605 2377 695 2419 Non
721 2378 831 2418 dicet
854 2377 934 2418 hoc
963 2377 1004 2417 in
1028 2384 1201 2432 pectore
1222 2376 1447 2432 perturba-

90 2444 191 2486 toriS
216 2453 257 2486 et
284 2446 420 2494 stulti3
445 2447 540 2502 quia
567 2465 582 2485 α
604 2446 808 2489 Animalis
843 2447 970 2488 homo
1005 2460 1089 2486 non
1119 2444 1321 2502 percipit,
1353 2459 1444 2500 quae

141 2557 150 2571 ¹
171 2546 290 2579 Matth.
319 2558 351 2585 v,
374 2558 400 2578 1.
423 2566 459 2572 —
476 2558 488 2573 2
507 2549 558 2581 Id.
578 2560 635 2585 xu.
657 2561 683 2580 1.
705 2568 744 2573 --
762 2551 774 2572 ³
793 2549 887 2580 Joan.
911 2558 1006 2585 xviii,
1029 2557 1054 2578 1.
1071 2564 1111 2569 -
1132 2548 1145 2573 ⁴
1164 2546 1246 2578 Psat.
1274 2555 1392 2584 cxxvii,
1412 2546 1444 2577 5.

93 2621 133 2627 —
149 2603 162 2625 ⁵
181 2601 276 2632 Joan.
295 2611 324 2636 x.
343 2602 395 2634 25.
415 2621 455 2626 —
471 2604 486 2626 ⁶
504 2603 590 2635 Psal.
614 2614 643 2643 c,
665 2615 693 2635 2.
722 2621 760 2627 -
782 2610 794 2632 ⁷
821 2603 916 2634 Proin
940 2613 970 2638 v,
1002 2602 1053 2634 ιδ.
1074 2619 1112 2625 -
1132 2601 1146 2622 ⁸
1170 2600 1251 2633 Psal.
1273 2611 1326 2638 Lx,
1346 2609 1393 2632 ιι.
1409 2617 1448 2623 -

96 2662 110 2682 9
125 2655 218 2687 Joan.
235 2665 265 2688 x.
283 2653 336 2686 30.
