<?xml version="1.0" encoding="UTF-8"?>
<!DOCTYPE html PUBLIC "-//W3C//DTD XHTML 1.0 Transitional//EN"
    "http://www.w3.org/TR/xhtml1/DTD/xhtml1-transitional.dtd">
<html xmlns="http://www.w3.org/1999/xhtml" xml:lang="en" lang="en">
 <head>
  <title>
</title>
<meta http-equiv="Content-Type" content="text/html;charset=utf-8" />
  <meta name='ocr-system' content='tesseract 3.04.00' />
  <meta name='ocr-capabilities' content='ocr_page ocr_carea ocr_par ocr_line ocrx_word'/>
</head>
<body>
  <div class='ocr_page' id='page_1' title='image "./omniaequaeextant06ambruoft_0479.png"; bbox 0 0 1768 3283; ppageno 0'>
   <div class='ocr_carea' id='block_1_1' title="bbox 27 323 1372 538">
    <p class='ocr_par' dir='ltr' id='par_1_1' title="bbox 27 323 1372 538">
     <span class='ocr_line' id='line_1_1' title="bbox 222 323 1372 378; baseline 0.003 -17"><span class='ocrx_word' id='word_1_1' title='bbox 222 334 274 361; x_wconf 79' lang='lat' dir='ltr'><strong>DE</strong></span> <span class='ocrx_word' id='word_1_2' title='bbox 307 329 472 360; x_wconf 73' lang='lat' dir='ltr'><strong>chnN.</strong></span> <span class='ocrx_word' id='word_1_3' title='bbox 511 331 653 359; x_wconf 68' lang='lat' dir='ltr'><strong>noum.</strong></span> <span class='ocrx_word' id='word_1_4' title='bbox 692 332 981 367; x_wconf 55' lang='lat' dir='ltr'><strong>sscnnmwro,</strong></span> <span class='ocrx_word' id='word_1_5' title='bbox 1016 335 1093 362; x_wconf 75' lang='lat' dir='ltr'><strong>Lm.</strong></span> <span class='ocrx_word' id='word_1_6' title='bbox 1136 336 1161 362; x_wconf 89' lang='lat'><strong>1.</strong></span> <span class='ocrx_word' id='word_1_7' title='bbox 1288 323 1372 378; x_wconf 63' lang='lat'><strong>459</strong></span> 
     </span>
     <span class='ocr_line' id='line_1_2' title="bbox 27 410 1372 467; baseline 0.002 -15"><span class='ocrx_word' id='word_1_8' title='bbox 27 412 151 453; x_wconf 81' lang='lat' dir='ltr'><strong>verba</strong></span> <span class='ocrx_word' id='word_1_9' title='bbox 170 410 332 467; x_wconf 85' lang='lat' dir='ltr'><strong>suscepi</strong></span> <span class='ocrx_word' id='word_1_10' title='bbox 351 427 362 458; x_wconf 82' lang='lat'><em>3</em></span> <span class='ocrx_word' id='word_1_11' title='bbox 383 419 428 451; x_wconf 90' lang='lat' dir='ltr'><strong>ut</strong></span> <span class='ocrx_word' id='word_1_12' title='bbox 449 411 695 452; x_wconf 83' lang='lat' dir='ltr'><strong>derelictum</strong></span> <span class='ocrx_word' id='word_1_13' title='bbox 718 426 784 453; x_wconf 90' lang='lat' dir='ltr'><strong>me</strong></span> <span class='ocrx_word' id='word_1_14' title='bbox 808 427 827 453; x_wconf 87' lang='lat' dir='ltr'>a</span> <span class='ocrx_word' id='word_1_15' title='bbox 849 411 969 454; x_wconf 85' lang='lat' dir='ltr'><strong>Patre</strong></span> <span class='ocrx_word' id='word_1_16' title='bbox 984 411 1074 454; x_wconf 87' lang='lat' dir='ltr'><strong>Deo</strong></span> <span class='ocrx_word' id='word_1_17' title='bbox 1098 427 1188 454; x_wconf 85' lang='lat' dir='ltr'><strong>esse</strong></span> <span class='ocrx_word' id='word_1_18' title='bbox 1211 414 1372 463; x_wconf 81' lang='lat' dir='ltr'><strong>dicam,</strong></span> 
     </span>
     <span class='ocr_line' id='line_1_3' title="bbox 28 480 710 538; baseline -0.001 -16"><span class='ocrx_word' id='word_1_19' title='bbox 28 481 100 538; x_wconf 90' lang='lat' dir='ltr'><strong>qui</strong></span> <span class='ocrx_word' id='word_1_20' title='bbox 122 483 234 537; x_wconf 81' lang='lat' dir='ltr'><strong>apud</strong></span> <span class='ocrx_word' id='word_1_21' title='bbox 254 480 388 522; x_wconf 82' lang='lat' dir='ltr'><strong>Deum</strong></span> <span class='ocrx_word' id='word_1_22' title='bbox 419 495 584 536; x_wconf 79' lang='lat' dir='ltr'><strong>semper</strong></span> <span class='ocrx_word' id='word_1_23' title='bbox 605 496 710 522; x_wconf 84' lang='lat' dir='ltr'><strong>sum.</strong></span> 
     </span>
    </p>
   </div>
   <div class='ocr_carea' id='block_1_2' title="bbox 33 549 1432 2275">
    <p class='ocr_par' dir='ltr' id='par_1_2' title="bbox 33 549 1404 1362">
     <span class='ocr_line' id='line_1_4' title="bbox 91 549 1382 608; baseline 0.002 -16"><span class='ocrx_word' id='word_1_24' title='bbox 91 550 296 592; x_wconf 69' lang='lat' dir='ltr'>XXXIX.</span> <span class='ocrx_word' id='word_1_25' title='bbox 336 550 432 590; x_wconf 85' lang='lat' dir='ltr'><strong>Erat</strong></span> <span class='ocrx_word' id='word_1_26' title='bbox 458 549 581 606; x_wconf 78' lang='lat' dir='ltr'><strong>igitur</strong></span> <span class='ocrx_word' id='word_1_27' title='bbox 602 550 848 592; x_wconf 74' lang='lat' dir='ltr'><strong>immortalis</strong></span> <span class='ocrx_word' id='word_1_28' title='bbox 871 550 912 592; x_wconf 90' lang='lat' dir='ltr'><strong>in</strong></span> <span class='ocrx_word' id='word_1_29' title='bbox 933 559 1089 599; x_wconf 83' lang='lat' dir='ltr'><strong>morte,</strong></span> <span class='ocrx_word' id='word_1_30' title='bbox 1114 550 1382 608; x_wconf 84' lang='lat' dir='ltr'><strong>impassibilis</strong></span> 
     </span>
     <span class='ocr_line' id='line_1_5' title="bbox 33 619 1378 677; baseline 0.001 -16"><span class='ocrx_word' id='word_1_31' title='bbox 33 620 73 661; x_wconf 91' lang='lat' dir='ltr'><strong>in</strong></span> <span class='ocrx_word' id='word_1_32' title='bbox 93 620 293 676; x_wconf 78' lang='lat' dir='ltr'><strong>passione.</strong></span> <span class='ocrx_word' id='word_1_33' title='bbox 316 619 480 660; x_wconf 63' lang='lat' dir='ltr'><strong>Etenim</strong></span> <span class='ocrx_word' id='word_1_34' title='bbox 494 620 608 676; x_wconf 79' lang='lat' dir='ltr'><strong>quasi</strong></span> <span class='ocrx_word' id='word_1_35' title='bbox 630 622 760 661; x_wconf 87' lang='lat' dir='ltr'><strong>Deum</strong></span> <span class='ocrx_word' id='word_1_36' title='bbox 779 635 859 661; x_wconf 90' lang='lat' dir='ltr'><strong>non</strong></span> <span class='ocrx_word' id='word_1_37' title='bbox 879 620 990 677; x_wconf 86' lang='lat' dir='ltr'><strong>cepit</strong></span> <span class='ocrx_word' id='word_1_38' title='bbox 1010 621 1156 662; x_wconf 90' lang='lat' dir='ltr'><strong>mortis</strong></span> <span class='ocrx_word' id='word_1_39' title='bbox 1173 636 1378 671; x_wconf 81' lang='lat' dir='ltr'><strong>aerumna,</strong></span> 
     </span>
     <span class='ocr_line' id='line_1_6' title="bbox 34 690 1386 747; baseline 0.001 -15"><span class='ocrx_word' id='word_1_40' title='bbox 34 700 76 732; x_wconf 84' lang='lat' dir='ltr'><strong>et</strong></span> <span class='ocrx_word' id='word_1_41' title='bbox 113 691 308 731; x_wconf 85' lang='lat' dir='ltr'><strong>eumdem</strong></span> <span class='ocrx_word' id='word_1_42' title='bbox 343 690 459 745; x_wconf 81' lang='lat' dir='ltr'><strong>quasi</strong></span> <span class='ocrx_word' id='word_1_43' title='bbox 498 690 710 731; x_wconf 84' lang='lat' dir='ltr'><strong>hominem</strong></span> <span class='ocrx_word' id='word_1_44' title='bbox 747 690 905 731; x_wconf 82' lang='lat' dir='ltr'><strong>inferna</strong></span> <span class='ocrx_word' id='word_1_45' title='bbox 945 690 1154 733; x_wconf 88' lang='lat' dir='ltr'><strong>viderunt.</strong></span> <span class='ocrx_word' id='word_1_46' title='bbox 1194 691 1386 747; x_wconf 84' lang='lat' dir='ltr'><strong>Denique</strong></span> 
     </span>
     <span class='ocr_line' id='line_1_7' title="bbox 47 759 1387 816; baseline 0.004 -18"><span class='ocrx_word' id='word_1_47' title='bbox 47 781 61 798; x_wconf 65' lang='grc' dir='ltr'>ι</span> <span class='ocrx_word' id='word_1_48' title='bbox 77 761 223 802; x_wconf 79' lang='lat' dir='ltr'>Emisit</span> <span class='ocrx_word' id='word_1_49' title='bbox 241 760 429 816; x_wconf 84' lang='lat' dir='ltr'><strong>spiritum</strong></span> <span class='ocrx_word' id='word_1_50' title='bbox 446 759 457 779; x_wconf 88' lang='lat'>¹</span> <span class='ocrx_word' id='word_1_51' title='bbox 476 792 484 806; x_wconf 89' lang='lat'><strong>,</strong></span> <span class='ocrx_word' id='word_1_52' title='bbox 507 778 520 796; x_wconf 75' lang='lat' dir='ltr'><strong><em>n</em></strong></span> <span class='ocrx_word' id='word_1_53' title='bbox 548 769 588 800; x_wconf 86' lang='lat' dir='ltr'><strong>et</strong></span> <span class='ocrx_word' id='word_1_54' title='bbox 612 769 750 801; x_wconf 82' lang='lat' dir='ltr'><strong>tamen</strong></span> <span class='ocrx_word' id='word_1_55' title='bbox 773 760 888 816; x_wconf 83' lang='lat' dir='ltr'>quasi</span> <span class='ocrx_word' id='word_1_56' title='bbox 913 760 1068 802; x_wconf 82' lang='lat' dir='ltr'>arbiter</span> <span class='ocrx_word' id='word_1_57' title='bbox 1092 761 1271 803; x_wconf 90' lang='lat' dir='ltr'><strong>exuendi</strong></span> <span class='ocrx_word' id='word_1_58' title='bbox 1295 777 1387 803; x_wconf 89' lang='lat' dir='ltr'><strong>sus·</strong></span> 
     </span>
     <span class='ocr_line' id='line_1_8' title="bbox 40 830 1390 887; baseline 0 -14"><span class='ocrx_word' id='word_1_59' title='bbox 40 830 304 887; x_wconf 81' lang='lat' dir='ltr'><strong>cipiendique</strong></span> <span class='ocrx_word' id='word_1_60' title='bbox 327 830 540 886; x_wconf 86' lang='lat' dir='ltr'><strong>corporis,</strong></span> <span class='ocrx_word' id='word_1_61' title='bbox 567 831 703 871; x_wconf 79' lang='lat' dir='ltr'><strong>emisit</strong></span> <span class='ocrx_word' id='word_1_62' title='bbox 722 830 911 886; x_wconf 87' lang='lat' dir='ltr'><strong>spiritum</strong></span> <span class='ocrx_word' id='word_1_63' title='bbox 930 863 938 876; x_wconf 94' lang='lat'>,</span> <span class='ocrx_word' id='word_1_64' title='bbox 960 846 1042 871; x_wconf 87' lang='lat' dir='ltr'><strong>non</strong></span> <span class='ocrx_word' id='word_1_65' title='bbox 1063 831 1212 872; x_wconf 83' lang='lat' dir='ltr'><strong>amisit.</strong></span> <span class='ocrx_word' id='word_1_66' title='bbox 1232 832 1390 873; x_wconf 86' lang='lat' dir='ltr'><strong>Pende-</strong></span> 
     </span>
     <span class='ocr_line' id='line_1_9' title="bbox 41 900 1387 957; baseline -0.001 -14"><span class='ocrx_word' id='word_1_67' title='bbox 41 903 112 943; x_wconf 86' lang='lat' dir='ltr'><strong>bat</strong></span> <span class='ocrx_word' id='word_1_68' title='bbox 136 902 174 941; x_wconf 82' lang='lat' dir='ltr'><strong>in</strong></span> <span class='ocrx_word' id='word_1_69' title='bbox 199 915 351 945; x_wconf 79' lang='lat' dir='ltr'><strong>cruce,</strong></span> <span class='ocrx_word' id='word_1_70' title='bbox 377 908 415 939; x_wconf 75' lang='lat' dir='ltr'><strong>et</strong></span> <span class='ocrx_word' id='word_1_71' title='bbox 436 900 572 939; x_wconf 74' lang='lat' dir='ltr'><strong>munia</strong></span> <span class='ocrx_word' id='word_1_72' title='bbox 598 901 905 941; x_wconf 73' lang='lat' dir='ltr'><strong>commovebat.</strong></span> <span class='ocrx_word' id='word_1_73' title='bbox 933 900 1157 942; x_wconf 78' lang='lat' dir='ltr'><strong>Tremebat</strong></span> <span class='ocrx_word' id='word_1_74' title='bbox 1187 901 1228 941; x_wconf 90' lang='lat' dir='ltr'><strong>in</strong></span> <span class='ocrx_word' id='word_1_75' title='bbox 1250 901 1387 957; x_wconf 85' lang='lat' dir='ltr'><strong>lignO,</strong></span> 
     </span>
     <span class='ocr_line' id='line_1_10' title="bbox 42 970 1389 1028; baseline -0.001 -15"><span class='ocrx_word' id='word_1_76' title='bbox 42 987 166 1028; x_wconf 87' lang='lat' dir='ltr'><strong>quem</strong></span> <span class='ocrx_word' id='word_1_77' title='bbox 189 979 300 1012; x_wconf 85' lang='lat' dir='ltr'><strong>totus</strong></span> <span class='ocrx_word' id='word_1_78' title='bbox 326 971 532 1011; x_wconf 76' lang='lat' dir='ltr'><strong>tremebat</strong></span> <span class='ocrx_word' id='word_1_79' title='bbox 556 970 624 1011; x_wconf 88' lang='lat' dir='ltr'><strong>hic</strong></span> <span class='ocrx_word' id='word_1_80' title='bbox 656 972 851 1012; x_wconf 85' lang='lat' dir='ltr'><strong>mundus.</strong></span> <span class='ocrx_word' id='word_1_81' title='bbox 891 971 989 1012; x_wconf 82' lang='lat' dir='ltr'><strong>Erat</strong></span> <span class='ocrx_word' id='word_1_82' title='bbox 1024 970 1132 1013; x_wconf 86' lang='lat' dir='ltr'><strong>inter</strong></span> <span class='ocrx_word' id='word_1_83' title='bbox 1164 971 1389 1028; x_wconf 79' lang='lat' dir='ltr'><strong>supplicia,</strong></span> 
     </span>
     <span class='ocr_line' id='line_1_11' title="bbox 44 1040 1393 1098; baseline -0.001 -15"><span class='ocrx_word' id='word_1_84' title='bbox 44 1041 279 1098; x_wconf 72' lang='lat' dir='ltr'><strong>excipiebat</strong></span> <span class='ocrx_word' id='word_1_85' title='bbox 300 1040 485 1086; x_wconf 81' lang='lat' dir='ltr'><strong>vulnera,</strong></span> <span class='ocrx_word' id='word_1_86' title='bbox 508 1048 546 1081; x_wconf 85' lang='lat' dir='ltr'><strong>et</strong></span> <span class='ocrx_word' id='word_1_87' title='bbox 568 1056 741 1096; x_wconf 81' lang='lat' dir='ltr'><strong>regnum</strong></span> <span class='ocrx_word' id='word_1_88' title='bbox 765 1042 931 1083; x_wconf 81' lang='lat' dir='ltr'><strong>coeleste</strong></span> <span class='ocrx_word' id='word_1_89' title='bbox 951 1041 1146 1083; x_wconf 76' lang='lat' dir='ltr'><strong>donabat.</strong></span> <span class='ocrx_word' id='word_1_90' title='bbox 1169 1042 1393 1083; x_wconf 83' lang='lat' dir='ltr'><strong>Peccatum</strong></span> 
     </span>
     <span class='ocr_line' id='line_1_12' title="bbox 46 1111 1401 1167; baseline 0 -13"><span class='ocrx_word' id='word_1_91' title='bbox 46 1113 235 1154; x_wconf 86' lang='lat' dir='ltr'><strong>omnium</strong></span> <span class='ocrx_word' id='word_1_92' title='bbox 272 1111 425 1158; x_wconf 84' lang='lat' dir='ltr'><strong>factus,</strong></span> <span class='ocrx_word' id='word_1_93' title='bbox 466 1118 636 1167; x_wconf 81' lang='lat' dir='ltr'><strong>peccata</strong></span> <span class='ocrx_word' id='word_1_94' title='bbox 670 1111 833 1166; x_wconf 82' lang='lat' dir='ltr'><strong>generis</strong></span> <span class='ocrx_word' id='word_1_95' title='bbox 860 1111 1059 1152; x_wconf 81' lang='lat' dir='ltr'><strong>abluebat</strong></span> <span class='ocrx_word' id='word_1_96' title='bbox 1085 1111 1271 1153; x_wconf 81' lang='lat' dir='ltr'><strong>humani.</strong></span> <span class='ocrx_word' id='word_1_97' title='bbox 1297 1112 1401 1154; x_wconf 86' lang='lat' dir='ltr'><strong>Pos-</strong></span> 
     </span>
     <span class='ocr_line' id='line_1_13' title="bbox 49 1181 1399 1238; baseline -0.001 -14"><span class='ocrx_word' id='word_1_98' title='bbox 49 1192 183 1224; x_wconf 83' lang='lat' dir='ltr'><strong>tremo</strong></span> <span class='ocrx_word' id='word_1_99' title='bbox 216 1190 406 1222; x_wconf 85' lang='lat' dir='ltr'><strong>mortuus</strong></span> <span class='ocrx_word' id='word_1_100' title='bbox 438 1188 520 1226; x_wconf 86' lang='lat' dir='ltr'><strong>est,</strong></span> <span class='ocrx_word' id='word_1_101' title='bbox 557 1189 598 1221; x_wconf 87' lang='lat' dir='ltr'><strong>et</strong></span> <span class='ocrx_word' id='word_1_102' title='bbox 627 1181 814 1221; x_wconf 89' lang='lat' dir='ltr'><strong>secundo</strong></span> <span class='ocrx_word' id='word_1_103' title='bbox 837 1190 877 1222; x_wconf 86' lang='lat' dir='ltr'><strong>et</strong></span> <span class='ocrx_word' id='word_1_104' title='bbox 903 1181 1026 1223; x_wconf 85' lang='lat' dir='ltr'><strong>tertio</strong></span> <span class='ocrx_word' id='word_1_105' title='bbox 1061 1182 1250 1222; x_wconf 82' lang='lat' dir='ltr'><strong>exultans</strong></span> <span class='ocrx_word' id='word_1_106' title='bbox 1275 1189 1399 1238; x_wconf 83' lang='lat' dir='ltr'><strong>atque</strong></span> 
     </span>
     <span class='ocr_line' id='line_1_14' title="bbox 51 1248 1404 1297; baseline 0 -5"><span class='ocrx_word' id='word_1_107' title='bbox 51 1267 177 1292; x_wconf 81' lang='lat' dir='ltr'><strong>ovans</strong></span> <span class='ocrx_word' id='word_1_108' title='bbox 199 1251 316 1297; x_wconf 88' lang='lat' dir='ltr'><strong>dico,</strong></span> <span class='ocrx_word' id='word_1_109' title='bbox 348 1258 539 1291; x_wconf 88' lang='lat' dir='ltr'><strong>mortuus</strong></span> <span class='ocrx_word' id='word_1_110' title='bbox 565 1258 651 1297; x_wconf 83' lang='lat' dir='ltr'><strong>est,</strong></span> <span class='ocrx_word' id='word_1_111' title='bbox 687 1259 732 1291; x_wconf 79' lang='lat' dir='ltr'><strong>ut</strong></span> <span class='ocrx_word' id='word_1_112' title='bbox 765 1250 874 1291; x_wconf 88' lang='lat' dir='ltr'><strong>illius</strong></span> <span class='ocrx_word' id='word_1_113' title='bbox 900 1265 1012 1291; x_wconf 86' lang='lat' dir='ltr'><strong>mors</strong></span> <span class='ocrx_word' id='word_1_114' title='bbox 1043 1250 1125 1292; x_wconf 80' lang='lat' dir='ltr'><strong>vita</strong></span> <span class='ocrx_word' id='word_1_115' title='bbox 1149 1248 1268 1292; x_wconf 84' lang='lat' dir='ltr'><strong>fieret</strong></span> <span class='ocrx_word' id='word_1_116' title='bbox 1295 1266 1404 1292; x_wconf 87' lang='lat' dir='ltr'><strong>mor-</strong></span> 
     </span>
     <span class='ocr_line' id='line_1_15' title="bbox 54 1330 236 1362; baseline 0 0"><span class='ocrx_word' id='word_1_117' title='bbox 54 1330 236 1362; x_wconf 86' lang='lat' dir='ltr'><strong>tuorum.</strong></span> 
     </span>
    </p>

    <p class='ocr_par' dir='ltr' id='par_1_3' title="bbox 58 1387 1432 2147">
     <span class='ocr_line' id='line_1_16' title="bbox 114 1387 1401 1445; baseline -0.002 -13"><span class='ocrx_word' id='word_1_118' title='bbox 114 1390 203 1432; x_wconf 88' lang='lat' dir='ltr'><strong>XL.</strong></span> <span class='ocrx_word' id='word_1_119' title='bbox 241 1389 324 1430; x_wconf 86' lang='lat' dir='ltr'><strong>Sed</strong></span> <span class='ocrx_word' id='word_1_120' title='bbox 340 1402 417 1429; x_wconf 88' lang='lat' dir='ltr'><strong>nec</strong></span> <span class='ocrx_word' id='word_1_121' title='bbox 440 1390 680 1445; x_wconf 86' lang='lat' dir='ltr'><strong>sepulcrum</strong></span> <span class='ocrx_word' id='word_1_122' title='bbox 704 1389 874 1444; x_wconf 90' lang='lat' dir='ltr'><strong>quidem</strong></span> <span class='ocrx_word' id='word_1_123' title='bbox 893 1388 982 1445; x_wconf 88' lang='lat' dir='ltr'><strong>ejus</strong></span> <span class='ocrx_word' id='word_1_124' title='bbox 1006 1390 1210 1432; x_wconf 83' lang='lat' dir='ltr'><strong>miraculo</strong></span> <span class='ocrx_word' id='word_1_125' title='bbox 1244 1387 1401 1432; x_wconf 83' lang='lat' dir='ltr'><strong>caret².</strong></span> 
     </span>
     <span class='ocr_line' id='line_1_17' title="bbox 58 1458 1406 1516; baseline -0.001 -14"><span class='ocrx_word' id='word_1_126' title='bbox 58 1461 160 1504; x_wconf 78' lang='lat' dir='ltr'><strong>Nam</strong></span> <span class='ocrx_word' id='word_1_127' title='bbox 185 1475 281 1501; x_wconf 88' lang='lat' dir='ltr'><strong>cum</strong></span> <span class='ocrx_word' id='word_1_128' title='bbox 309 1467 417 1500; x_wconf 85' lang='lat' dir='ltr'><strong>esset</strong></span> <span class='ocrx_word' id='word_1_129' title='bbox 442 1467 594 1500; x_wconf 85' lang='lat' dir='ltr'><strong>unctus</strong></span> <span class='ocrx_word' id='word_1_130' title='bbox 623 1474 644 1500; x_wconf 89' lang='lat' dir='ltr'>a</span> <span class='ocrx_word' id='word_1_131' title='bbox 670 1458 853 1516; x_wconf 83' lang='lat' dir='ltr'><strong>Joseph‚</strong></span> <span class='ocrx_word' id='word_1_132' title='bbox 890 1468 931 1501; x_wconf 87' lang='lat' dir='ltr'><strong>et</strong></span> <span class='ocrx_word' id='word_1_133' title='bbox 956 1460 995 1500; x_wconf 92' lang='lat' dir='ltr'><strong>in</strong></span> <span class='ocrx_word' id='word_1_134' title='bbox 1019 1460 1109 1516; x_wconf 82' lang='lat' dir='ltr'><strong>ejus</strong></span> <span class='ocrx_word' id='word_1_135' title='bbox 1133 1467 1406 1503; x_wconf 85' lang='lat' dir='ltr'><strong>monumento</strong></span> 
     </span>
     <span class='ocr_line' id='line_1_18' title="bbox 60 1528 1408 1588; baseline -0.002 -15"><span class='ocrx_word' id='word_1_136' title='bbox 60 1531 381 1588; x_wconf 74' lang='lat' dir='ltr'><strong>sepultuS‚nOVO</strong></span> <span class='ocrx_word' id='word_1_137' title='bbox 401 1544 527 1586; x_wconf 84' lang='lat' dir='ltr'><strong>opere</strong></span> <span class='ocrx_word' id='word_1_138' title='bbox 546 1530 726 1585; x_wconf 82' lang='lat' dir='ltr'><strong>quodam</strong></span> <span class='ocrx_word' id='word_1_139' title='bbox 750 1529 836 1585; x_wconf 88' lang='lat' dir='ltr'><strong>ipse</strong></span> <span class='ocrx_word' id='word_1_140' title='bbox 864 1528 1084 1572; x_wconf 83' lang='lat' dir='ltr'><strong>defunctus</strong></span> <span class='ocrx_word' id='word_1_141' title='bbox 1109 1531 1408 1573; x_wconf 81' lang='lat' dir='ltr'><strong>defunctorum</strong></span> 
     </span>
     <span class='ocr_line' id='line_1_19' title="bbox 63 1598 1412 1657; baseline -0.001 -15"><span class='ocrx_word' id='word_1_142' title='bbox 63 1602 253 1657; x_wconf 82' lang='lat' dir='ltr'><strong>sepulcra</strong></span> <span class='ocrx_word' id='word_1_143' title='bbox 287 1599 498 1640; x_wconf 75' lang='lat' dir='ltr'><strong>reserabat</strong></span> <span class='ocrx_word' id='word_1_144' title='bbox 520 1615 528 1638; x_wconf 91' lang='lat'>:</span> <span class='ocrx_word' id='word_1_145' title='bbox 553 1607 593 1640; x_wconf 83' lang='lat' dir='ltr'><strong>et</strong></span> <span class='ocrx_word' id='word_1_146' title='bbox 619 1613 771 1655; x_wconf 79' lang='lat' dir='ltr'><strong>corpus</strong></span> <span class='ocrx_word' id='word_1_147' title='bbox 792 1598 961 1654; x_wconf 85' lang='lat' dir='ltr'><strong>quidem</strong></span> <span class='ocrx_word' id='word_1_148' title='bbox 985 1599 1075 1655; x_wconf 85' lang='lat' dir='ltr'><strong>ejus</strong></span> <span class='ocrx_word' id='word_1_149' title='bbox 1096 1599 1262 1656; x_wconf 78' lang='lat' dir='ltr'><strong>jacebat</strong></span> <span class='ocrx_word' id='word_1_150' title='bbox 1286 1600 1326 1641; x_wconf 90' lang='lat' dir='ltr'><strong>in</strong></span> <span class='ocrx_word' id='word_1_151' title='bbox 1351 1607 1412 1641; x_wconf 84' lang='lat' dir='ltr'><strong>tu-</strong></span> 
     </span>
     <span class='ocr_line' id='line_1_20' title="bbox 63 1669 1432 1726; baseline -0.001 -14"><span class='ocrx_word' id='word_1_152' title='bbox 63 1672 205 1716; x_wconf 82' lang='lat' dir='ltr'><strong>mulo;</strong></span> <span class='ocrx_word' id='word_1_153' title='bbox 236 1670 323 1726; x_wconf 89' lang='lat' dir='ltr'><strong>ipse</strong></span> <span class='ocrx_word' id='word_1_154' title='bbox 349 1677 488 1709; x_wconf 81' lang='lat' dir='ltr'><strong>autem</strong></span> <span class='ocrx_word' id='word_1_155' title='bbox 517 1669 624 1710; x_wconf 85' lang='lat' dir='ltr'><strong>iuter</strong></span> <span class='ocrx_word' id='word_1_156' title='bbox 658 1677 846 1709; x_wconf 78' lang='lat' dir='ltr'><strong>mortuos</strong></span> <span class='ocrx_word' id='word_1_157' title='bbox 884 1669 1012 1716; x_wconf 84' lang='lat' dir='ltr'><strong>liber,</strong></span> <span class='ocrx_word' id='word_1_158' title='bbox 1044 1669 1331 1711; x_wconf 85' lang='lat' dir='ltr'><strong>remissionem</strong></span> <span class='ocrx_word' id='word_1_159' title='bbox 1369 1669 1432 1710; x_wconf 91' lang='lat' dir='ltr'><strong>in.</strong></span> 
     </span>
     <span class='ocr_line' id='line_1_21' title="bbox 67 1737 1413 1796; baseline -0.001 -14"><span class='ocrx_word' id='word_1_160' title='bbox 67 1741 229 1782; x_wconf 83' lang='lat' dir='ltr'><strong>inferno</strong></span> <span class='ocrx_word' id='word_1_161' title='bbox 260 1739 426 1794; x_wconf 85' lang='lat' dir='ltr'><strong>positis,</strong></span> <span class='ocrx_word' id='word_1_162' title='bbox 459 1737 594 1779; x_wconf 82' lang='lat' dir='ltr'><strong>soluta</strong></span> <span class='ocrx_word' id='word_1_163' title='bbox 625 1738 770 1780; x_wconf 80' lang='lat' dir='ltr'><strong>mortis</strong></span> <span class='ocrx_word' id='word_1_164' title='bbox 798 1740 913 1795; x_wconf 80' lang='lat' dir='ltr'><strong>lege,</strong></span> <span class='ocrx_word' id='word_1_165' title='bbox 948 1740 1146 1781; x_wconf 80' lang='lat' dir='ltr'><strong>donabat.</strong></span> <span class='ocrx_word' id='word_1_166' title='bbox 1187 1740 1286 1781; x_wconf 82' lang='lat' dir='ltr'><strong>Erat</strong></span> <span class='ocrx_word' id='word_1_167' title='bbox 1315 1754 1413 1796; x_wconf 86' lang='lat' dir='ltr'><strong>ergo</strong></span> 
     </span>
     <span class='ocr_line' id='line_1_22' title="bbox 69 1809 1418 1867; baseline -0.001 -14"><span class='ocrx_word' id='word_1_168' title='bbox 69 1826 168 1853; x_wconf 79' lang='lat' dir='ltr'><strong>caro</strong></span> <span class='ocrx_word' id='word_1_169' title='bbox 203 1810 292 1863; x_wconf 78' lang='lat' dir='ltr'><strong>ejus</strong></span> <span class='ocrx_word' id='word_1_170' title='bbox 322 1811 362 1850; x_wconf 92' lang='lat' dir='ltr'><strong>in</strong></span> <span class='ocrx_word' id='word_1_171' title='bbox 397 1816 700 1857; x_wconf 84' lang='lat' dir='ltr'><strong>monumento,</strong></span> <span class='ocrx_word' id='word_1_172' title='bbox 730 1809 803 1850; x_wconf 84' lang='lat' dir='ltr'><strong>sed</strong></span> <span class='ocrx_word' id='word_1_173' title='bbox 836 1809 968 1851; x_wconf 87' lang='lat' dir='ltr'><strong>virtus</strong></span> <span class='ocrx_word' id='word_1_174' title='bbox 995 1810 1086 1865; x_wconf 84' lang='lat' dir='ltr'><strong>ejus</strong></span> <span class='ocrx_word' id='word_1_175' title='bbox 1114 1811 1368 1867; x_wconf 84' lang='lat' dir='ltr'><strong>operabatur</strong></span> <span class='ocrx_word' id='word_1_176' title='bbox 1395 1825 1418 1851; x_wconf 84' lang='lat' dir='ltr'><strong>e</strong></span> 
     </span>
     <span class='ocr_line' id='line_1_23' title="bbox 70 1878 1419 1936; baseline -0.003 -13"><span class='ocrx_word' id='word_1_177' title='bbox 70 1882 189 1923; x_wconf 90' lang='lat' dir='ltr'><strong>coelo.</strong></span> <span class='ocrx_word' id='word_1_178' title='bbox 217 1879 533 1922; x_wconf 79' lang='lat' dir='ltr'><strong>Ostendebatur</strong></span> <span class='ocrx_word' id='word_1_179' title='bbox 548 1879 743 1919; x_wconf 81' lang='lat' dir='ltr'><strong>omnibus</strong></span> <span class='ocrx_word' id='word_1_180' title='bbox 763 1894 834 1935; x_wconf 88' lang='lat' dir='ltr'><strong>per</strong></span> <span class='ocrx_word' id='word_1_181' title='bbox 852 1878 1039 1936; x_wconf 89' lang='lat' dir='ltr'><strong>corporis</strong></span> <span class='ocrx_word' id='word_1_182' title='bbox 1065 1880 1302 1927; x_wconf 84' lang='lat' dir='ltr'><strong>veritatem;</strong></span> <span class='ocrx_word' id='word_1_183' title='bbox 1323 1879 1419 1935; x_wconf 85' lang='lat' dir='ltr'><strong>quia</strong></span> 
     </span>
     <span class='ocr_line' id='line_1_24' title="bbox 73 1948 1418 2007; baseline -0.001 -16"><span class='ocrx_word' id='word_1_184' title='bbox 73 1965 157 1992; x_wconf 88' lang='lat' dir='ltr'><strong>non</strong></span> <span class='ocrx_word' id='word_1_185' title='bbox 180 1965 276 1990; x_wconf 83' lang='lat' dir='ltr'><strong>caro</strong></span> <span class='ocrx_word' id='word_1_186' title='bbox 298 1957 387 1990; x_wconf 84' lang='lat' dir='ltr'><strong>erat</strong></span> <span class='ocrx_word' id='word_1_187' title='bbox 407 1948 588 1989; x_wconf 78' lang='lat' dir='ltr'><strong>Verbum</strong></span> <span class='ocrx_word' id='word_1_188' title='bbox 603 1981 613 1995; x_wconf 93' lang='lat'>‚</span> <span class='ocrx_word' id='word_1_189' title='bbox 634 1950 704 1989; x_wconf 89' lang='lat' dir='ltr'><strong>sed</strong></span> <span class='ocrx_word' id='word_1_190' title='bbox 724 1963 821 1989; x_wconf 74' lang='lat' dir='ltr'><strong>caro</strong></span> <span class='ocrx_word' id='word_1_191' title='bbox 844 1957 933 1990; x_wconf 79' lang='lat' dir='ltr'><strong>erat</strong></span> <span class='ocrx_word' id='word_1_192' title='bbox 954 1949 1094 1991; x_wconf 81' lang='lat' dir='ltr'><strong>Verbi.</strong></span> <span class='ocrx_word' id='word_1_193' title='bbox 1119 1949 1225 1992; x_wconf 83' lang='lat' dir='ltr'><strong>Caro</strong></span> <span class='ocrx_word' id='word_1_194' title='bbox 1248 1949 1418 2007; x_wconf 78' lang='lat' dir='ltr'><strong>quidem</strong></span> 
     </span>
     <span class='ocr_line' id='line_1_25' title="bbox 75 2018 1425 2077; baseline -0.002 -16"><span class='ocrx_word' id='word_1_195' title='bbox 75 2020 254 2077; x_wconf 80' lang='lat' dir='ltr'><strong>gustavit</strong></span> <span class='ocrx_word' id='word_1_196' title='bbox 275 2030 451 2060; x_wconf 86' lang='lat' dir='ltr'><strong>mortem</strong></span> <span class='ocrx_word' id='word_1_197' title='bbox 470 2052 479 2065; x_wconf 90' lang='lat'><strong>,</strong></span> <span class='ocrx_word' id='word_1_198' title='bbox 504 2021 574 2059; x_wconf 85' lang='lat' dir='ltr'><strong>sed</strong></span> <span class='ocrx_word' id='word_1_199' title='bbox 601 2019 866 2075; x_wconf 80' lang='lat' dir='ltr'><strong>impassibilis</strong></span> <span class='ocrx_word' id='word_1_200' title='bbox 888 2019 962 2060; x_wconf 88' lang='lat' dir='ltr'><strong>Dei</strong></span> <span class='ocrx_word' id='word_1_201' title='bbox 989 2019 1118 2061; x_wconf 82' lang='lat' dir='ltr'><strong>virtus</strong></span> <span class='ocrx_word' id='word_1_202' title='bbox 1142 2035 1150 2060; x_wconf 90' lang='lat'>:</span> <span class='ocrx_word' id='word_1_203' title='bbox 1184 2028 1224 2061; x_wconf 87' lang='lat' dir='ltr'><strong>et</strong></span> <span class='ocrx_word' id='word_1_204' title='bbox 1252 2019 1285 2062; x_wconf 86' lang='lat' dir='ltr'><strong>si</strong></span> <span class='ocrx_word' id='word_1_205' title='bbox 1312 2018 1425 2061; x_wconf 81' lang='lat' dir='ltr'><strong>exuit</strong></span> 
     </span>
     <span class='ocr_line' id='line_1_26' title="bbox 79 2089 1226 2147; baseline -0.003 -13"><span class='ocrx_word' id='word_1_206' title='bbox 79 2105 254 2147; x_wconf 86' lang='lat' dir='ltr'><strong>corpus,</strong></span> <span class='ocrx_word' id='word_1_207' title='bbox 284 2091 443 2130; x_wconf 83' lang='lat' dir='ltr'><strong>nullum</strong></span> <span class='ocrx_word' id='word_1_208' title='bbox 472 2098 607 2129; x_wconf 80' lang='lat' dir='ltr'><strong>tamen</strong></span> <span class='ocrx_word' id='word_1_209' title='bbox 636 2090 686 2130; x_wconf 89' lang='lat' dir='ltr'><strong>de</strong></span> <span class='ocrx_word' id='word_1_210' title='bbox 709 2104 884 2145; x_wconf 85' lang='lat' dir='ltr'><strong>corpore</strong></span> <span class='ocrx_word' id='word_1_211' title='bbox 902 2089 988 2131; x_wconf 89' lang='lat' dir='ltr'><strong>Deo</strong></span> <span class='ocrx_word' id='word_1_212' title='bbox 1010 2091 1226 2132; x_wconf 84' lang='lat' dir='ltr'><strong>damnum.</strong></span> 
     </span>
    </p>

    <p class='ocr_par' dir='ltr' id='par_1_4' title="bbox 82 2158 1431 2275">
     <span class='ocr_line' id='line_1_27' title="bbox 136 2158 1429 2216; baseline -0.005 -11"><span class='ocrx_word' id='word_1_213' title='bbox 136 2161 249 2205; x_wconf 84' lang='lat' dir='ltr'><strong>XLI.</strong></span> <span class='ocrx_word' id='word_1_214' title='bbox 291 2162 378 2201; x_wconf 86' lang='lat' dir='ltr'><strong>Cur</strong></span> <span class='ocrx_word' id='word_1_215' title='bbox 399 2160 610 2201; x_wconf 82' lang='lat' dir='ltr'><strong>Divinitati</strong></span> <span class='ocrx_word' id='word_1_216' title='bbox 635 2160 827 2201; x_wconf 77' lang='lat' dir='ltr'><strong>attribuis</strong></span> <span class='ocrx_word' id='word_1_217' title='bbox 846 2175 1053 2201; x_wconf 80' lang='lat' dir='ltr'><strong>aerumnas</strong></span> <span class='ocrx_word' id='word_1_218' title='bbox 1076 2159 1262 2216; x_wconf 90' lang='lat' dir='ltr'><strong>corporis</strong></span> <span class='ocrx_word' id='word_1_219' title='bbox 1277 2192 1287 2208; x_wconf 89' lang='lat'><strong>,</strong></span> <span class='ocrx_word' id='word_1_220' title='bbox 1312 2167 1351 2201; x_wconf 82' lang='lat' dir='ltr'><strong>et</strong></span> <span class='ocrx_word' id='word_1_221' title='bbox 1370 2158 1429 2200; x_wconf 88' lang='lat' dir='ltr'><strong>in-</strong></span> 
     </span>
     <span class='ocr_line' id='line_1_28' title="bbox 82 2228 1431 2275; baseline -0.003 -1"><span class='ocrx_word' id='word_1_222' title='bbox 82 2233 251 2275; x_wconf 82' lang='lat' dir='ltr'><strong>firmum</strong></span> <span class='ocrx_word' id='word_1_223' title='bbox 296 2231 449 2272; x_wconf 86' lang='lat' dir='ltr'><strong>doloris</strong></span> <span class='ocrx_word' id='word_1_224' title='bbox 493 2230 665 2271; x_wconf 80' lang='lat' dir='ltr'><strong>humani</strong></span> <span class='ocrx_word' id='word_1_225' title='bbox 706 2239 746 2271; x_wconf 84' lang='lat' dir='ltr'><strong>et</strong></span> <span class='ocrx_word' id='word_1_226' title='bbox 788 2230 935 2271; x_wconf 79' lang='lat' dir='ltr'><strong>divinae</strong></span> <span class='ocrx_word' id='word_1_227' title='bbox 979 2232 1194 2273; x_wconf 87' lang='lat' dir='ltr'><strong>connectis</strong></span> <span class='ocrx_word' id='word_1_228' title='bbox 1235 2240 1391 2272; x_wconf 84' lang='lat' dir='ltr'><strong>naturae</strong></span> <span class='ocrx_word' id='word_1_229' title='bbox 1413 2228 1431 2270; x_wconf 76' lang='lat'>?</span> 
     </span>
    </p>
   </div>
   <div class='ocr_carea' id='block_1_3' title="bbox 86 2300 1440 2635">
    <p class='ocr_par' dir='ltr' id='par_1_5' title="bbox 86 2300 1440 2635">
     <span class='ocr_line' id='line_1_29' title="bbox 96 2300 1431 2356; baseline -0.004 -10"><span class='ocrx_word' id='word_1_230' title='bbox 96 2323 111 2341; x_wconf 73' lang='grc' dir='ltr'><strong>(ι</strong></span> <span class='ocrx_word' id='word_1_231' title='bbox 128 2305 248 2346; x_wconf 61' lang='lat' dir='ltr'><strong>x{unc</strong></span> <span class='ocrx_word' id='word_1_232' title='bbox 266 2303 401 2344; x_wconf 83' lang='lat' dir='ltr'><strong>anima</strong></span> <span class='ocrx_word' id='word_1_233' title='bbox 417 2333 427 2349; x_wconf 92' lang='lat'><strong>,</strong></span> <span class='ocrx_word' id='word_1_234' title='bbox 451 2301 606 2356; x_wconf 89' lang='lat' dir='ltr'><strong>inquit,</strong></span> <span class='ocrx_word' id='word_1_235' title='bbox 627 2316 717 2342; x_wconf 86' lang='lat' dir='ltr'><strong>mea</strong></span> <span class='ocrx_word' id='word_1_236' title='bbox 742 2302 907 2342; x_wconf 76' lang='lat' dir='ltr'><strong>turbata</strong></span> <span class='ocrx_word' id='word_1_237' title='bbox 931 2301 1034 2343; x_wconf 57' lang='lat' dir='ltr'><strong>esst</strong></span> <span class='ocrx_word' id='word_1_238' title='bbox 1058 2322 1072 2340; x_wconf 86' lang='lat'>»</span> <span class='ocrx_word' id='word_1_239' title='bbox 1098 2301 1246 2343; x_wconf 88' lang='lat' dir='ltr'><strong>Anima</strong></span> <span class='ocrx_word' id='word_1_240' title='bbox 1267 2300 1431 2343; x_wconf 79' lang='lat' dir='ltr'><strong>turbata</strong></span> 
     </span>
     <span class='ocr_line' id='line_1_30' title="bbox 86 2370 1433 2427; baseline -0.004 -12"><span class='ocrx_word' id='word_1_241' title='bbox 86 2382 171 2421; x_wconf 83' lang='lat' dir='ltr'><strong>est,</strong></span> <span class='ocrx_word' id='word_1_242' title='bbox 198 2387 279 2413; x_wconf 84' lang='lat' dir='ltr'><strong>non</strong></span> <span class='ocrx_word' id='word_1_243' title='bbox 304 2371 527 2427; x_wconf 56' lang='lat' dir='ltr'><strong>sapientiem</strong></span> <span class='ocrx_word' id='word_1_244' title='bbox 555 2371 826 2411; x_wconf 77' lang='lat' dir='ltr'><strong>immutabilis</strong></span> <span class='ocrx_word' id='word_1_245' title='bbox 848 2371 959 2411; x_wconf 85' lang='lat' dir='ltr'><strong>enim</strong></span> <span class='ocrx_word' id='word_1_246' title='bbox 984 2371 1177 2412; x_wconf 80' lang='lat' dir='ltr'><strong>manebat</strong></span> <span class='ocrx_word' id='word_1_247' title='bbox 1206 2370 1404 2427; x_wconf 73' lang='lat' dir='ltr'><strong>sapientia</strong></span> <span class='ocrx_word' id='word_1_248' title='bbox 1421 2399 1433 2416; x_wconf 91' lang='lat'><strong><em>‚</em></strong></span> 
     </span>
     <span class='ocr_line' id='line_1_31' title="bbox 88 2439 1436 2484; baseline -0.004 0"><span class='ocrx_word' id='word_1_249' title='bbox 88 2443 163 2484; x_wconf 82' lang='lat' dir='ltr'><strong>etsi</strong></span> <span class='ocrx_word' id='word_1_250' title='bbox 187 2443 521 2483; x_wconf 81' lang='lat' dir='ltr'><strong>circumdaretur</strong></span> <span class='ocrx_word' id='word_1_251' title='bbox 544 2441 699 2481; x_wconf 82' lang='lat' dir='ltr'><strong>amictu</strong></span> <span class='ocrx_word' id='word_1_252' title='bbox 714 2440 860 2480; x_wconf 83' lang='lat' dir='ltr'><strong>carnis.</strong></span> <span class='ocrx_word' id='word_1_253' title='bbox 887 2439 988 2481; x_wconf 82' lang='lat' dir='ltr'><strong>Nam</strong></span> <span class='ocrx_word' id='word_1_254' title='bbox 1019 2439 1058 2479; x_wconf 88' lang='lat' dir='ltr'><strong>in</strong></span> <span class='ocrx_word' id='word_1_255' title='bbox 1083 2439 1148 2480; x_wconf 76' lang='lat' dir='ltr'><strong>illa</strong></span> <span class='ocrx_word' id='word_1_256' title='bbox 1174 2439 1279 2479; x_wconf 80' lang='lat' dir='ltr'><strong>servi</strong></span> <span class='ocrx_word' id='word_1_257' title='bbox 1303 2440 1436 2480; x_wconf 69' lang='lat' dir='ltr'><strong>surina</strong></span> 
     </span>
     <span class='ocr_line' id='line_1_32' title="bbox 91 2508 1440 2565; baseline -0.002 -12"><span class='ocrx_word' id='word_1_258' title='bbox 91 2521 179 2554; x_wconf 81' lang='lat' dir='ltr'><strong>erat</strong></span> <span class='ocrx_word' id='word_1_259' title='bbox 203 2528 237 2552; x_wconf 82' lang='lat' dir='ltr'><strong>v‹</strong></span> <span class='ocrx_word' id='word_1_260' title='bbox 254 2512 286 2551; x_wconf 93' lang='lat' dir='ltr'><strong>ri</strong></span> <span class='ocrx_word' id='word_1_261' title='bbox 311 2510 479 2551; x_wconf 79' lang='lat' dir='ltr'><strong>luminis</strong></span> <span class='ocrx_word' id='word_1_262' title='bbox 502 2511 717 2565; x_wconf 79' lang='lat' dir='ltr'><strong>plenitudo</strong></span> <span class='ocrx_word' id='word_1_263' title='bbox 741 2524 749 2549; x_wconf 92' lang='lat'>:</span> <span class='ocrx_word' id='word_1_264' title='bbox 776 2517 929 2549; x_wconf 82' lang='lat' dir='ltr'><strong>etcum</strong></span> <span class='ocrx_word' id='word_1_265' title='bbox 955 2523 997 2548; x_wconf 86' lang='lat' dir='ltr'><strong>se</strong></span> <span class='ocrx_word' id='word_1_266' title='bbox 1020 2508 1270 2556; x_wconf 79' lang='lat' dir='ltr'><strong>exinanivit,</strong></span> <span class='ocrx_word' id='word_1_267' title='bbox 1295 2509 1440 2550; x_wconf 82' lang='lat' dir='ltr'><strong>lumen</strong></span> 
     </span>
     <span class='ocr_line' id='line_1_33' title="bbox 92 2578 1430 2635; baseline -0.006 -11"><span class='ocrx_word' id='word_1_268' title='bbox 92 2591 193 2624; x_wconf 81' lang='lat' dir='ltr'><strong>erat.</strong></span> <span class='ocrx_word' id='word_1_269' title='bbox 216 2581 407 2635; x_wconf 86' lang='lat' dir='ltr'><strong>Denique</strong></span> <span class='ocrx_word' id='word_1_270' title='bbox 427 2580 619 2621; x_wconf 83' lang='lat' dir='ltr'><strong>dicebat:</strong></span> <span class='ocrx_word' id='word_1_271' title='bbox 640 2579 893 2620; x_wconf 62' lang='lat' dir='ltr'><strong>«Ambulate</strong></span> <span class='ocrx_word' id='word_1_272' title='bbox 913 2580 1010 2618; x_wconf 83' lang='lat' dir='ltr'><strong>dum</strong></span> <span class='ocrx_word' id='word_1_273' title='bbox 1030 2579 1173 2619; x_wconf 86' lang='lat' dir='ltr'><strong>lumen</strong></span> <span class='ocrx_word' id='word_1_274' title='bbox 1190 2578 1352 2619; x_wconf 72' lang='lat' dir='ltr'><strong>habetis</strong></span> <span class='ocrx_word' id='word_1_275' title='bbox 1367 2578 1394 2616; x_wconf 75' lang='lat'><strong>¹¹.</strong></span> <span class='ocrx_word' id='word_1_276' title='bbox 1416 2596 1430 2614; x_wconf 61' lang='grc' dir='ltr'><strong>ν</strong></span> 
     </span>
    </p>
   </div>
   <div class='ocr_carea' id='block_1_4' title="bbox 145 2667 1444 2710">
    <p class='ocr_par' dir='ltr' id='par_1_6' title="bbox 145 2667 1444 2710">
     <span class='ocr_line' id='line_1_34' title="bbox 145 2667 1444 2710; baseline -0.003 -7"><span class='ocrx_word' id='word_1_277' title='bbox 145 2689 147 2691; x_wconf 87' lang='grc'><em>·</em></span> <span class='ocrx_word' id='word_1_278' title='bbox 172 2672 276 2703; x_wconf 49' lang='lat' dir='ltr'><strong>§lauh</strong></span> <span class='ocrx_word' id='word_1_279' title='bbox 311 2684 411 2708; x_wconf 46' lang='grc' dir='ltr'><strong>χχι-τι,</strong></span> <span class='ocrx_word' id='word_1_280' title='bbox 430 2673 479 2702; x_wconf 77' lang='lat'><strong>50.</strong></span> <span class='ocrx_word' id='word_1_281' title='bbox 501 2689 535 2694; x_wconf 94' lang='lat'><em>-</em></span> <span class='ocrx_word' id='word_1_282' title='bbox 556 2680 567 2694; x_wconf 78' lang='lat'>²</span> <span class='ocrx_word' id='word_1_283' title='bbox 587 2670 901 2707; x_wconf 23' lang='lat' dir='ltr'><strong>Lucvxx111‚5.·&gt;.-</strong></span> <span class='ocrx_word' id='word_1_284' title='bbox 924 2667 1444 2710; x_wconf 58' lang='lat' dir='ltr'><strong>’suai1.xn1.27.—⁴lbid.55.</strong></span> 
     </span>
    </p>
   </div>
  </div>
 </body>
</html>
