1806 3256
497 309 547 335 DE
581 307 690 342 rins,
727 307 805 334 un.
847 308 898 335 iv.
1294 296 1370 351 187

26 393 360 434 sacramentum,
386 384 561 443 impium
589 395 651 428 est
674 395 718 427 ut
747 388 797 428 de
819 389 942 428 Patre
964 386 1110 429 credas
1126 419 1135 432 ‚
1161 387 1290 429 Filius
1311 398 1374 430 est

25 457 168 513 utique
185 456 254 512 qui
269 472 391 513 supra
415 457 516 498 dicit
533 472 541 498 :
559 458 668 512 «Ego
684 457 863 514 plantavi
880 461 927 498 'te
938 457 1063 498 vitem
1084 457 1344 498 fructiferam
1360 488 1372 505 ,

26 528 265 583 »quomodo
283 542 481 568 conversa
504 543 546 568 es
565 528 604 568 iu
625 527 946 569 amaritudinem
969 528 1061 569 vitis
1084 527 1303 569 alirnae¹Pn

82 596 286 638 CLXVII.
333 597 477 652 Itaque
500 607 542 639 et
564 598 717 640 Filium
736 599 849 639 vides
870 613 960 639 esse
985 599 1226 655 agricolam,
1248 598 1371 639 unius

23 667 200 711 nominis
232 682 327 708 cuin
352 668 494 715 Patre,
523 668 644 709 unius
667 667 824 725 operis,
857 668 979 709 unius
1010 668 1223 724 dignitatis
1246 677 1370 724 atque

24 736 274 779 substantiae.
308 736 416 793 Ergo
439 738 469 778 si
496 738 674 794 agricola
697 746 738 778 et
760 737 851 778 vitis
874 746 935 778 est
954 737 1082 778 Filius
1098 771 1107 785 ‚
1134 739 1260 779 vitem
1284 738 1367 778 uti—

23 821 102 864 que
134 808 365 848 secuudum
392 808 691 849 incarnationis
709 807 938 864 accipimus
959 817 1283 849 sacramentnm.

79 875 302 918 CLXVIII.
341 876 422 918 Sed
445 892 527 918 non
547 879 678 918 solum
703 892 746 918 se
762 892 850 918 esse
868 877 991 918 vitem
1015 878 1132 924 dixit,
1149 878 1221 918 sed
1240 877 1364 918 etiam

22 948 271 1002 botryonem
294 963 401 990 ,τοῦθ
432 948 674 1004 prophetica
700 942 972 1003 nuncupavit,
999 956 1099 988 tunc
1125 949 1292 1003 quando
1313 948 1365 988 ad

20 1020 167 1061 vallem
199 1019 421 1075 Botryonis
451 1019 735 1075 exploratores
768 1017 929 1070 Moyses
961 1017 1076 1073 jussu
1108 1017 1275 1058 Domini
1306 1017 1366 1058 di-

20 1089 168 1132 rexit².
199 1090 302 1141 Quae
319 1099 380 1130 est
398 1089 465 1130 illa
482 1088 619 1135 vallis,
641 1087 720 1128 uisi
743 1087 957 1128 humilitas
983 1087 1280 1129 incarnationis
1295 1120 1304 1135 ,
1322 1095 1363 1128 et

18 1159 264 1202 foecunditas
289 1158 518 1217 passionis?
543 1158 593 1200 Et
626 1167 729 1214 puto
761 1158 1011 1214 botryonem
1043 1157 1135 1198 ideo
1170 1158 1356 1205 dictum,

18 1230 112 1287 quia
136 1246 186 1272 ex
217 1230 334 1272 vinea
368 1231 434 1272 ina
459 1231 654 1271 translata
679 1243 728 1270 ex
759 1225 983 1284 AEgypt0³‚
1011 1227 1090 1268 hoc
1114 1236 1199 1274 est,
1226 1242 1276 1267 ex
1304 1226 1364 1268 sa-

19 1300 128 1342 milia
164 1301 411 1343 Judaeorum
434 1333 444 1348 ,
482 1299 594 1341 utilis
625 1299 783 1340 mundo
816 1296 977 1338 fructus
1008 1297 1193 1338 emicuit.
1227 1296 1360 1339 Nemo

18 1380 127 1421 certe
143 1373 393 1429 botryonem
414 1379 548 1427 potest
566 1371 616 1411 ad
635 1368 946 1427 generationem
967 1367 1121 1408 referre
1142 1367 1323 1408 divinam
1347 1383 1356 1406 ε

19 1449 88 1483 aut
117 1442 186 1498 qui
217 1442 365 1490 refert,
399 1442 509 1482 aliud
539 1440 639 1482 nihil
670 1439 891 1494 relinquit,
922 1437 1000 1479 nisi
1031 1446 1077 1478 ut
1108 1437 1359 1494 botryonem

18 1508 129 1553 illum
164 1520 308 1554 natum
344 1527 392 1553 ex
419 1511 500 1552 vite
531 1511 768 1552 credamus.
800 1508 946 1564 Itaque
971 1507 1140 1548 ascribit
1162 1507 1359 1564 insipiens

16 1580 147 1630 Patri,
173 1583 285 1640 quod
308 1581 578 1640 reprehendit
601 1581 642 1621 in
666 1579 784 1621 Filio.

71 1651 260 1694 CLXIX.
308 1651 461 1693 Verum
489 1652 520 1692 si
544 1651 627 1707 jam
652 1648 833 1691 dubitari
856 1663 939 1689 non
966 1655 1102 1703 potest
1129 1648 1242 1703 quod
1266 1646 1357 1688 vitis

16 1724 243 1764 secundum
270 1722 601 1764 incarnationem
625 1721 700 1762 Dei
724 1719 852 1760 Filius
880 1718 1119 1759 nominatus
1142 1717 1218 1764 sit,
1243 1718 1359 1758 vide-

16 1792 64 1834 tis
90 1793 320 1834 secundum
355 1794 468 1848 quod
496 1799 806 1833 sacramentum
840 1790 1047 1832 Dominus
1070 1789 1121 1829 sit
1152 1791 1318 1830 locutus
1348 1803 1357 1829 ε

25 1880 39 1904 ς
54 1863 261 1915 Quoniam
280 1863 401 1906 Pater
423 1863 558 1918 major
579 1877 646 1904 me
665 1861 769 1903 esth.
786 1880 801 1898 υ
816 1860 919 1903 Nam
939 1875 1035 1901 cum
1061 1859 1142 1901 hoc
1169 1858 1209 1899 in
1234 1875 1357 1916 supe-

15 1933 192 1976 rioribus
217 1935 392 1982 dixerit,
423 1934 624 1976 continuo
647 1931 828 1987 subjecit
854 1931 994 1988 :uEgo
1014 1946 1105 1972 sum
1131 1930 1223 1971 vitis
1245 1946 1358 1977 vera,

15 2011 84 2044 »et
112 2004 232 2045 Pater
263 2020 381 2046 meus
409 2004 590 2060 agricola
618 2002 722 2049 est⁵;
740 2010 816 2042 »ut
849 2015 1095 2056 agnosceres
1124 2001 1358 2041 secundum

13 2072 54 2114 id
81 2073 246 2116 Patrem
267 2089 357 2115 esse
382 2074 609 2130 majorem;
635 2073 730 2129 quia
756 2072 863 2113 sicut
887 2070 1067 2127 agricola
1096 2071 1243 2111 vitium
1260 2104 1269 2118 ‚
1301 2071 1355 2111 ita

13 2142 130 2185 Pater
154 2145 385 2186 Dominicae
418 2145 552 2186 carnis
581 2153 643 2186 est
668 2143 836 2185 cultor:
869 2156 959 2197 quae
982 2149 1024 2183 ct
1049 2141 1188 2197 augeri
1221 2141 1359 2198 potuit

13 2227 85 2269 per
100 2222 289 2262 aetatem,
314 2223 357 2257 et
376 2230 450 2271 per
470 2215 707 2272 passionem
732 2212 884 2259 recidi;
911 2219 956 2251 ut
978 2226 1102 2252 omne
1125 2212 1357 2252 humanum

13 2297 138 2340 genus
161 2285 211 2326 ab
234 2293 336 2326 aestu
363 2285 626 2327 saecularium
648 2283 773 2325 noxio
799 2283 1060 2338 voluptatum
1077 2314 1087 2329 ,
1114 2280 1273 2322 diffusae
1296 2296 1356 2322 sa-

13 2354 216 2397 lutaribus
233 2356 414 2397 brachiis
433 2356 571 2397 crucis
594 2355 745 2396 umbra
767 2354 938 2395 velaret.

54 2452 66 2468 ἱ
85 2445 206 2477 Jerem.
225 2456 262 2484 ιι,
281 2457 331 2478 21.
352 2464 389 2470 —
411 2455 423 2469 ⁸
443 2446 538 2478 Num.
557 2457 632 2486 xiii,
652 2446 699 2484 ²4·
719 2464 753 2469 —
773 2446 786 2467 ³
811 2445 888 2477 Psai.
913 2455 1018 2480 mxxix,
1034 2455 1065 2486 9.
1086 2445 1152 2470 —⁴
1179 2443 1271 2475 Joan.
1289 2454 1355 2481 xiv,

16 2497 116 2533 280—
134 2501 147 2524 ⁵
164 2499 214 2533 ld.
232 2511 286 2540 xv,
308 2511 333 2532 1.
