1768 3283
0 2408 2 2432 i

0 2435 2 2507 l

0 2510 2 2555 t

0 2556 4 2722 l

0 2728 6 2852 i

521 282 572 310 DE
607 282 715 315 FIDE,
751 282 828 308 ΜΒ.
869 282 904 309 V.
1298 285 1379 330 217

32 360 138 405 hane
161 360 308 403 divinae
333 359 534 401 unitatem
559 357 801 400 substantiae
824 372 975 415 negare
998 357 1238 415 cupientes,
1267 370 1384 404 exte-

31 448 160 476 nuare
182 433 376 473 studeant
411 430 542 472 Patris
574 438 615 470 et
642 429 736 470 Filii
761 428 1031 477 charitatem3
1059 430 1154 486 quia
1183 432 1385 488 scriptum

32 513 122 546 est:
145 521 160 541 (ι
181 503 232 544 Et
249 501 426 544 dilexisti
450 515 542 547 eos,
570 499 678 540 sicut
699 508 739 540 et
763 513 832 540 une
856 499 1076 542 dilexisti¹.
1103 520 1116 538 υ
1136 500 1262 552 Quod
1287 516 1383 543 cum

34 572 200 620 dicunt,
227 571 327 627 qnid
356 570 467 612 alind
496 577 648 626 agunt,
679 567 755 609 uisi
787 568 894 609 inter
915 569 991 610 Dei
1017 570 1169 611 Filium
1194 579 1233 613 et
1254 570 1385 613 homi·

35 658 106 685 nes
127 642 405 698 :equalitatem
425 642 649 696 quamdam
673 640 997 696 comparationis
1025 640 1260 683 inducunt?

95 713 182 754 XC.
221 711 433 766 Numquid
456 711 514 752 sie
540 710 653 767 diligi
678 718 854 766 possunt
875 726 895 751 a
917 711 1005 752 Deo
1030 710 1221 753 homines
1245 727 1389 769 quern-

35 783 261 825 admodum
296 781 424 822 Filius
443 812 452 828 ,
492 780 532 821 in
565 794 648 835 quo
676 780 931 836 complacuit
957 781 1109 823 Pater?
1139 782 1212 823 Ille
1242 798 1317 839 per
1346 798 1388 824 se

35 853 289 909 complacet,
316 865 390 891 nos
426 864 500 906 per
531 849 667 905 ipsum
691 863 699 889 ε
727 849 765 889 in
790 849 941 905 quibus
967 850 1079 891 enim
1101 851 1212 892 Deus
1234 852 1388 895 Filium

36 938 156 964 suum
181 921 231 963 ad
250 920 471 977 imaginem
496 935 613 960 suani
638 919 796 968 cernit,
832 935 902 961 eos
933 936 1007 977 per
1033 921 1189 963 Filium
1227 923 1394 965 asciscit

37 992 76 1033 in
104 991 277 1048 grati-am
300 989 504 1037 filiorum3
532 997 577 1030 ut
605 990 959 1045 quemadmodum
991 1005 1067 1047 per
1091 990 1316 1047 imaginem
1342 995 1392 1034 ad

36 1061 259 1117 imaginem
286 1074 429 1100 sumus
446 1091 456 1106 ,
489 1059 546 1099 sic
586 1074 660 1115 per
696 1059 1009 1115 generationem
1051 1060 1146 1101 Filii
1186 1061 1226 1101 in
1267 1061 1392 1118 adop-

36 1131 193 1172 tionem
216 1144 430 1171 voceuiur.
458 1127 574 1170 Alius
599 1128 726 1185 igitur
753 1137 910 1169 natura:
940 1144 1056 1170 amor
1087 1131 1390 1186 sempiternus,

37 1203 139 1244 alius
161 1201 316 1257 gratiae.

92 1270 203 1313 XCI.
240 1271 324 1312 Aut
348 1271 378 1311 si
402 1285 452 1311 ex
473 1268 610 1310 verbis
636 1268 794 1310 faciunt
821 1270 1095 1325 quaestionem
1111 1303 1121 1319 ,
1151 1271 1248 1327 qnia
1268 1271 1395 1329 scrip·

38 1351 124 1384 tum
155 1349 216 1383 cst
248 1357 257 1382 ε
288 1359 303 1380 «
329 1341 381 1383 Et
416 1340 594 1381 dilexisti
629 1355 722 1386 eos,
762 1340 870 1381 sicut
902 1349 943 1382 et
975 1356 1043 1382 me
1083 1341 1263 1383 dilexisti
1283 1359 1325 1390 3»
1352 1351 1392 1384 et

39 1411 394 1468 comparationem
420 1409 570 1451 saetam
589 1418 766 1465 putant:
789 1425 888 1466 ergo
910 1419 951 1451 et
974 1411 1077 1452 illud
1110 1412 1395 1469 coi‘uparative

40 1481 199 1523 dictum
220 1488 367 1538 putant
390 1495 398 1522 :
428 1498 443 1518 «
465 1481 609 1521 Estote
632 1480 949 1529 misericordes,
975 1481 1082 1522 sicut
1105 1491 1145 1523 et
1167 1483 1288 1524 Pater
1312 1497 1397 1524 ves-

39 1569 54 1590 »
70 1561 132 1593 ter
153 1551 221 1607 qui
240 1560 301 1592 est
325 1550 366 1592 in
399 1551 535 1597 coelis,
565 1549 805 1591 misericors
828 1550 944 1598 est23
966 1569 980 1589 »
1004 1559 1045 1592 et
1069 1551 1196 1593 alibi:
1221 1569 1235 1589 α
1254 1552 1396 1593 Estote

39 1621 265 1679 »perseeti‚
285 1620 449 1663 sicut-ct
471 1621 593 1662 Pater
619 1635 736 1661 meus
759 1620 829 1675 qui
861 1620 901 1660 in
929 1620 1044 1661 coelis
1072 1629 1157 1667 est,
1183 1620 1396 1678 perfectus

39 1711 54 1730 »
70 1701 131 1734 est
155 1690 187 1733 ³.
204 1710 224 1731 2)
247 1692 373 1743 Quod
396 1691 427 1732 si
462 1691 531 1732 ille
569 1691 804 1731 secundum
836 1690 1144 1746 plenitudinem
1168 1690 1397 1747 majestatis

41 1778 123 1804 sua>
155 1762 364 1819 perfectus
392 1770 476 1809 est,
508 1776 583 1802 nos
607 1769 746 1802 autem
767 1760 943 1817 perfecti
976 1760 1207 1801 secundum
1233 1761 1396 1803 virtutis

41 1832 279 1873 accedentis
302 1831 559 1888 profectuum
594 1831 719 1871 etiam
747 1830 876 1871 Filius
909 1829 1094 1886 diligitur
1121 1845 1141 1871 a
1176 1830 1297 1872 Patre
1339 1847 1398 1873 se-

40 1902 227 1944 cundnm
251 1917 416 1959 semper
443 1902 646 1943 manentis
665 1902 972 1958 plenitudinem
995 1900 1208 1942 charitatis
1229 1918 1238 1941 z
1261 1902 1301 1943 in
1321 1917 1396 1943 no-

47 1973 108 2014 bis
131 1982 268 2014 autem
288 1973 535 2014 charitatem
558 1973 634 2013 Dei
652 1972 814 2013 virtutis
838 1980 1051 2012 emeretur
1074 1971 1305 2028 profectus.

100 2042 232 2083 XCII.
273 2041 395 2084 Vides
418 2042 543 2098 igitur
566 2056 688 2096 quam
709 2041 883 2097 gratiam
903 2041 1014 2082 Dens
1033 2041 1196 2082 dederit
1219 2041 1395 2083 homini-

38 2110 139 2159 bus,
165 2119 206 2152 et
232 2119 274 2152 tu
300 2110 430 2152 Patris
459 2119 498 2152 et
522 2111 614 2152 Filii
641 2111 699 2151 vis
725 2112 952 2152 dissolvere
976 2112 1208 2152 naturalem
1228 2120 1268 2154 ct
1288 2112 1397 2153 indi-

19 2228 26 2231 ,
47 2182 212 2223 viduam
235 2182 509 2230 charitatem3
534 2191 574 2223 et
600 2191 644 2223 tu
669 2183 794 2224 verba
824 2183 961 2223 adhuc
983 2182 1154 2225 discutis
1172 2215 1181 2233 ‚
1208 2183 1277 2224 ubi
1302 2183 1397 2225 uni-

43 2260 169 2294 tatem
192 2253 419 2309 majestatis
443 2254 654 2295 advertis?

97 2322 248 2365 XCIII.
288 2324 390 2365 Vide
420 2333 554 2365 totum
586 2324 699 2364 hunc
729 2324 895 2370 locum,
931 2339 979 2364 ex
1010 2323 1130 2379 cujus
1151 2324 1309 2367 affectu
1338 2326 1405 2367 Io-

41 2401 215 2449 quatur;
254 2394 382 2435 habes
421 2395 533 2435 enim
577 2395 786 2435 dicentem
822 2393 957 2449 ipsum
988 2408 996 2433 :
1026 2412 1040 2430 «
1070 2393 1265 2436 Clarifica
1309 2411 1398 2444 me,

41 2462 190 2504 »Pater
206 2496 215 2511 ‚
259 2464 447 2506 claritate
490 2480 538 2507 ea
570 2479 694 2520 quam
736 2464 894 2509 habui,
932 2463 1178 2519 priusquam
1220 2468 1405 2507 mundus

88 2584 96 2597 ¹
126 2575 218 2607 Joan.
246 2587 311 2608 xvii
329 2601 336 2614 ,
366 2577 420 2610 23.
454 2597 486 2602 -
524 2588 535 2602 π
566 2578 641 2610 Luc.
667 2589 719 2617 vr,
750 2576 799 2609 56.
822 2593 860 2600 -—
880 2578 893 2599 3
919 2575 1036 2609 Manh.
1069 2587 1099 2616 v,
1117 2577 1170 2614 48,
