1806 3256
1800 0 1806 64 ἰ

1800 78 1804 282 ἓ

424 316 480 359 9⁰
970 318 1002 347 ε.
1043 316 1234 346 ΑΜΒΒοειι

482 394 657 438 CXXX.
695 394 782 437 Hoc
800 394 923 436 etiam
944 395 1040 438 totis
1056 394 1370 450 Scripturarum
1392 392 1617 450 exponitur
1633 390 1768 444 libris,
1800 399 1806 490 ἰ

423 465 653 506 necadhue
671 464 720 506 ab
743 463 878 520 impiis
903 465 1116 506 creditur:
1146 481 1160 501 ιι
1183 463 1462 504 Incrassatum
1485 473 1546 505 est
1564 463 1705 512 enim,
1724 471 1772 506 ut
1799 497 1806 530 ἴ

424 535 657 592 »scriptum
675 542 759 583 est,
794 548 867 576 cor
889 536 1032 592 populi
1056 533 1210 590 hujus,
1242 540 1283 574 et
1301 533 1470 574 autibus
1500 534 1678 590 graviter
1703 549 1773 576 au·
1799 533 1806 604 ᾗ

421 604 641 651 »dierunt
675 610 717 644 et
749 602 894 645 oculos
917 618 1013 644 suos
1033 610 1340 659 gravaverunt3
1366 617 1417 643 ne
1439 604 1608 659 quando
1640 603 1772 645 oculis
1800 618 1806 649 ι

422 674 534 714 »suis
557 672 740 719 videant,
759 680 801 712 et
824 671 994 714 auribus
1021 672 1208 717 audiant,
1231 680 1272 713 et
1296 673 1424 714 corde
1448 671 1763 730 intelligant¹.»
1799 679 1806 712 i

423 742 632 799 Namque
661 757 778 783 more
803 740 1005 790 Judaico,
1035 757 1155 784 aures
1185 757 1278 784 suas
1308 741 1472 784 Arriani
1494 739 1690 785 claudere
1711 758 1774 784 so·
1799 711 1806 791 i

420 813 534 861 lent,
560 819 629 853 aut
647 827 787 853 seroie
812 813 1035 861 tumultus,
1061 811 1412 869 quotiescumque
1434 812 1612 854 verbum
1629 812 1772 856 salutis
1798 814 1806 886 j

424 882 605 924 auditur.
1799 894 1806 947 ff

484 951 680 995 CXXXI.
718 952 769 993 Et
792 952 894 1008 quid
926 952 1080 993 mirum
1115 951 1147 992 si
1181 951 1374 992 humanis
1407 952 1581 994 vocibus
1602 953 1806 1013 credere}

423 1036 506 1062 non
530 1022 689 1062 soleant
708 1020 914 1069 infideles,
940 1021 1009 1077 qui
1035 1036 1118 1062 non
1141 1020 1322 1062 credunt
1344 1021 1524 1062 divinis?
1547 1021 1678 1064 Filius
1700 1021 1774 1064 Dei
1798 1015 1806 1075 l

426 1090 607 1137 dicebat,
623 1091 731 1132 sicut
752 1090 880 1132 habes
898 1091 938 1131 in
957 1090 1181 1147 Evangelio
1203 1104 1244 1132 :t
1263 1092 1400 1139 Pater,
1420 1090 1602 1133 clarifica
1619 1106 1776 1134 nomen
1798 1075 1806 1160 ᾗ

426 1169 588 1202 »tuum
615 1179 630 1198 υ
655 1160 742 1202 vox
777 1160 908 1202 Patris
939 1161 990 1202 de
1023 1162 1130 1202 coelo
1167 1159 1307 1202 audita
1339 1168 1402 1201 est
1436 1160 1645 1203 dicentis:
1677 1178 1693 1199 α
1724 1161 1806 1203 Ειὲ

425 1230 676 1273 »clarificavi
692 1265 702 1280 ‚
728 1239 768 1272 et
788 1231 938 1272 iterum
956 1230 1243 1273 clarificab02.
1267 1249 1282 1269 »
1307 1230 1501 1272 Infidcles
1524 1231 1613 1273 baec
1636 1232 1776 1274 audie·
1797 1201 1806 1299 i

424 1302 548 1350 bant,
577 1304 650 1344 sed
683 1318 765 1343 non
804 1303 1051 1361 credebant.
1088 1302 1266 1344 Dicebat
1304 1302 1459 1350 Filius,
1495 1298 1806 1359 respondebat]

423 1373 569 1420 Pater3
595 1381 636 1414 et
654 1372 851 1413 dicebant
873 1372 1002 1413 Judaei
1024 1387 1065 1412 :«
1083 1371 1335 1413 Tonitruum
1360 1371 1517 1413 sactum
1539 1380 1603 1414 est
1623 1370 1705 1414 illi³
1722 1388 1734 1420 3
1750 1390 1766 1411 »

428 1442 494 1483 alii
520 1441 747 1483 dicebaut:
774 1442 991 1499 «Angelus
1012 1443 1180 1483 locutus
1202 1450 1264 1483 est
1286 1441 1338 1483 ei.
1359 1459 1374 1480 »

489 1511 704 1554 CXXXII.
738 1513 891 1553 Paulus
919 1526 1113 1568 quoque,
1150 1511 1259 1553 sicut
1293 1510 1496 1568 scriptum
1519 1510 1645 1553 estin
1667 1509 1777 1554 Acti·
1804 1560 1806 1565 ¹

428 1580 507 1623 bus
521 1581 819 1638 Apostolorum
835 1581 867 1631 ⁶,
884 1597 980 1624 cum
993 1596 1095 1624 voce
1109 1581 1264 1623 Christi
1280 1589 1502 1623 vocaretur
1513 1582 1564 1623 ad
1582 1581 1775 1639 gratiam,

426 1652 652 1709 pluresque
675 1653 850 1695 comites
874 1653 1031 1711 pariter
1048 1653 1307 1701 incederent,
1326 1653 1438 1694 solus
1457 1667 1603 1694 vocem
1622 1651 1778 1694 Christi
1803 1643 1806 1649 ¹

431 1723 593 1766 audisse
619 1739 662 1765 se
685 1724 799 1766 dixit.
831 1724 971 1772 Adeo,
993 1732 1135 1766 sancte
1164 1724 1409 1781 imperator,
1428 1723 1498 1780 qui
1520 1723 1676 1772 credit,
1702 1737 1779 1765 au-

429 1793 512 1840 dit,
542 1802 587 1835 ut
610 1796 753 1836 credat
777 1809 786 1835 ε
811 1795 984 1851 quinon
1005 1794 1160 1842 credit,
1186 1809 1271 1835 non
1296 1794 1433 1842 audit3
1464 1794 1539 1836 sed
1558 1807 1637 1836 nec
1663 1794 1777 1843 vult,

430 1876 508 1903 nec
527 1871 663 1918 potest
683 1864 851 1912 audire,
877 1879 928 1905 ne
951 1865 1120 1905 credat!

489 1932 729 1975 CXXXIII.
766 1933 902 1990 Atque
922 1934 1106 1982 utinam,
1130 1934 1242 1990 quod
1264 1933 1305 1976 in
1327 1949 1394 1976 me
1415 1941 1500 1982 est,
1526 1933 1672 1976 audire
1691 1932 1779 1975 vel-

428 2002 535 2052 lent,
573 2012 620 2045 ut
649 2005 872 2046 crederent
900 2019 909 2045 ι
944 2004 1088 2045 audire
1111 2019 1208 2045 cum
1236 2006 1346 2046 bona
1377 2003 1583 2046 charitate
1600 2011 1643 2046 et
1664 2018 1780 2046 man-

428 2073 672 2123 suetudine,
709 2083 756 2116 ut
786 2090 929 2125 verum
961 2083 1196 2130 quaerentes
1215 2106 1226 2122 ,
1252 2090 1336 2116 non
1363 2074 1580 2116 veritatem
1613 2074 1779 2131 impug-

428 2152 589 2185 nantes.
625 2145 837 2200 Scriptum
862 2154 923 2186 ost
951 2144 1087 2193 enim,
1109 2153 1154 2186 ut
1177 2160 1260 2186 non
1286 2145 1553 2187 intendamus
1575 2162 1589 2181 ι
1609 2142 1780 2185 Fabulis

429 2221 499 2253 »et
530 2214 781 2271 genealogiis
816 2214 1218 2262 interminabilibus,
1253 2229 1345 2270 quae
1376 2214 1627 2271 quaestiones
1649 2212 1779 2270 magiS

431 2292 655 2340 »praestaut
677 2300 800 2340 quam
822 2283 1142 2326 aedisscationem
1170 2285 1271 2333 Dei,
1296 2300 1387 2340 quze
1408 2285 1450 2326 in
1467 2283 1551 2326 fide
1567 2292 1642 2326 est.
1666 2282 1780 2325 Finis

433 2372 446 2392 ο
462 2362 599 2395 autem
620 2354 817 2411 praecepti
835 2363 896 2396 est
919 2353 1101 2396 charitas
1125 2355 1175 2395 de
1197 2356 1325 2396 corde
1347 2370 1476 2412 puro,
1501 2362 1542 2396 et
1563 2352 1782 2395 conscien-

433 2423 517 2465 »tia
541 2424 672 2474 bona,
693 2432 734 2466 et
752 2422 832 2467 side
856 2439 939 2466 non
962 2423 1073 2465 ficta.
1096 2423 1131 2465 A
1154 2425 1305 2481 quibus
1328 2425 1498 2482 quidam
1519 2424 1777 2471 aberrantes,

430 2511 445 2531 n
460 2495 648 2536 conversi
671 2495 824 2536 suntin
849 2494 1155 2551 vaniloquium,
1180 2496 1364 2537 volentes
1391 2510 1480 2537 esse
1507 2493 1609 2551 legis
1631 2494 1780 2535 docto-

478 2606 484 2617 ¹
519 2596 590 2627 lsai.
620 2609 664 2636 vi,
710 2609 756 2629 ιυ.
788 2616 828 2621 ·-
863 2607 875 2621 ²
906 2598 1004 2630 Joan.
1049 2608 1106 2636 xii,
1154 2596 1202 2629 28.
1232 2614 1270 2621 -—
1292 2599 1319 2622 ⁴³
1362 2597 1445 2629 thid,
1476 2608 1528 2639 ²9·
1576 2613 1611 2620 -·
1651 2598 1664 2623 ⁴
1707 2591 1795 2628 Acts

433 2662 487 2690 a,
514 2650 546 2687 4.
