1806 3256
397 298 477 358 176
936 310 967 338 s.
1007 309 1198 338 Atianosn

450 391 681 436 CXXVIII.
726 388 853 442 Quod
886 389 918 431 si
959 389 1143 430 secunda
1186 386 1441 444 complacuit
1459 419 1470 436 ,
1512 402 1653 431 nonne
1698 396 1741 431 et
1786 384 1789 434 ξ

391 464 671 521 aequalitatem
702 461 795 503 Filii
819 474 915 502 cum
936 460 1086 508 Patre,
1115 467 1155 500 et
1188 458 1503 500 similitudinem
1527 459 1617 516 ejus
1643 474 1741 502 cum
1786 500 1789 511 ,

391 534 562 578 homine
583 531 799 574 manifesta
822 530 1089 572 distinctione
1112 529 1378 586 colligimus?
1398 530 1501 572 Nam
1525 531 1627 587 quid
1645 539 1707 573 est
1727 545 1738 574 t
1786 525 1789 538 i

392 604 510 647 Sicut
549 604 635 661 ipse
664 601 764 644 vivit
786 609 958 658 propter
979 601 1170 647 Patrem,
1196 608 1238 642 et
1267 615 1341 642 nos
1366 600 1538 643 vivimus
1570 610 1744 659 propter
1786 624 1789 649 2

395 675 555 732 ipsum;
587 672 663 714 nisi
686 671 781 729 quia
802 671 860 712 sic
882 669 1063 712 vivificat
1079 669 1208 712 Filius
1231 670 1444 712 hominem
1460 703 1470 719 ,
1494 671 1601 713 sicut
1621 672 1744 714 Pater
1786 702 1789 707 -

392 744 432 786 in
454 743 560 786 Filio
591 756 760 784 carnem
784 739 1006 782 vivificavit
1034 740 1322 782 humanamP«
1342 740 1460 782 Sicut
1485 740 1597 782 enim
1619 742 1744 783 Pater
1786 730 1789 741 ¹

397 833 411 853 »
426 813 598 855 suscitat
612 820 800 853 mortuos
815 843 826 858 ,
840 818 882 851 et
900 808 1104 857 vivificam
1126 809 1183 851 sic
1208 818 1247 851 et
1267 810 1416 858 Filius,
1438 826 1541 867 quos
1558 813 1668 860 vult,
1688 812 1745 853 vi·

395 903 410 924 »
425 883 607 931 vificat¹,
631 901 646 920 n
661 890 708 923 ut
729 881 815 936 ipse
835 880 1041 920 Dominus
1061 895 1183 936 supra
1207 879 1325 921 dixit.
1785 866 1788 937 Σ

454 952 651 995 CXXIX.
688 949 917 1006 ,s‘Equalitas
941 963 1039 1005 ergo
1067 949 1159 990 Filii
1185 951 1234 990 ad
1258 949 1422 990 Patrem
1446 965 1519 1007 per
1540 950 1742 993 unitatem
1785 962 1788 970 ⁴

395 1038 565 1081 quoque
581 1019 869 1062 vivificationis
895 1019 1117 1065 astruitur3
1139 1020 1307 1074 qnando
1331 1019 1387 1060 sic
1408 1019 1741 1069 vivificatFilius,
1784 1025 1788 1071 j

396 1103 439 1134 ut
459 1093 593 1134 Pater.
617 1090 809 1146 Agnosce
830 1103 929 1144 ergo
952 1087 1042 1143 ejus
1065 1088 1189 1129 vitam
1211 1098 1249 1129 et
1278 1089 1505 1144 potentiam
1524 1090 1746 1147 sempiter-
1784 1085 1788 1092 ’

397 1176 504 1204 nam.
533 1159 773 1201 Similitudo
794 1158 918 1198 etiam
957 1166 1095 1197 nostra
1120 1159 1170 1197 ad
1196 1158 1372 1204 Filium,
1403 1168 1444 1200 et
1466 1161 1656 1215 quaedain
1685 1175 1747 1202 se·
1784 1147 1787 1218 Ξ

394 1235 581 1276 cundum
610 1244 778 1271 carnem
803 1227 936 1268 unitas
957 1228 1216 1274 declaratum
1246 1229 1440 1284 quoniam
1469 1232 1745 1286 quemadmo—

396 1306 495 1346 dum
518 1302 592 1344 Doi
612 1300 740 1342 Filius
761 1314 780 1340 a
795 1298 940 1343 Patre,
972 1297 1031 1338 sic
1055 1297 1181 1338 homo
1205 1306 1266 1339 cst
1286 1298 1516 1340 vivificatus
1540 1300 1580 1340 in
1601 1315 1738 1341 carne.

394 1375 461 1416 Sic
490 1372 602 1414 enim
633 1370 834 1425 scriptum
856 1376 938 1416 est,
966 1367 1061 1423 quia
1093 1367 1200 1408 sicut
1223 1368 1333 1410 Deus
1355 1369 1501 1410 Jesum
1528 1370 1744 1411 Christum

395 1460 414 1485 a
439 1442 615 1484 moi-tuis
638 1437 872 1484 suscitavit,
894 1437 946 1478 ita
966 1437 1090 1477 etiam
1117 1452 1192 1478 nos
1215 1438 1330 1493 quasi
1353 1438 1542 1480 homines
1565 1438 1746 1481 vivifica-

398 1529 492 1556 mur
515 1528 533 1553 a
558 1510 631 1552 Dei
656 1506 800 1550 Filia-¹.

456 1581 630 1624 CXXX.
668 1578 909 1619 Secundum
934 1575 1043 1616 hanc
1059 1590 1158 1632 ergo
1185 1576 1487 1632 expositionem
1507 1591 1589 1618 non
1609 1578 1745 1619 solum
1782 1561 1785 1591 ς

398 1654 447 1695 ad
471 1649 754 1693 conditionem
779 1647 1006 1688 humanam
1038 1646 1247 1686 derivatur
1267 1647 1396 1702 gratia
1419 1646 1642 1702 largitatis,
1674 1647 1747 1688 sed

397 1723 520 1765 otiam
549 1717 784 1763 Divinitatis
813 1715 1020 1757 aeternitas
1044 1715 1296 1771 praedicatur
1323 1730 1332 1755 ε
1362 1715 1622 1763 Divinitatis,
1649 1716 1747 1772 quia
1780 1699 1785 1724 Ἰ

399 1795 483 1851 ipsa
509 1789 716 1833 vivificat:
737 1787 930 1829 humanae
956 1794 1094 1827 autem
1120 1786 1395 1835 conditionis,
1422 1786 1517 1842 qnia
1541 1785 1746 1828 vivificata

397 1873 459 1907 est
477 1864 516 1904 in
542 1861 723 1903 Christo.
1780 1892 1784 1913 ὲ

455 1931 650 1976 CXXXI.
691 1929 817 1979 Quod
833 1928 864 1969 si
885 1926 975 1983 quis
998 1934 1224 1983 utrumque
1243 1927 1294 1968 ad
1317 1926 1469 1968 Christi
1487 1927 1614 1968 refert
1634 1927 1746 1969 Divi·
1780 1920 1784 1934 '

397 2004 570 2047 nitatem
603 2016 612 2042 ε
646 2014 745 2055 crgo
777 1997 904 2039 Filius
932 1996 1007 2037 Dei
1032 1996 1272 2038 hominibus
1296 2007 1589 2053 comparauit-3
1621 2006 1666 2038 ut
1690 1996 1747 2038 ita
1780 1993 1784 2006 '

394 2074 523 2117 Filius
540 2079 711 2128 propter
735 2068 901 2109 Patrem
930 2066 1062 2114 vivat,
1083 2067 1190 2107 sicut
1213 2082 1286 2108 nos
1311 2077 1483 2124 propter
1498 2067 1652 2109 Filium
1669 2067 1747 2108 Dei

397 2145 585 2187 vivimus.
611 2139 692 2181 Sed
703 2139 832 2181 Filius
850 2137 923 2178 Dei
947 2137 1072 2178 vitam
1090 2137 1264 2194 largitur·
1280 2146 1476 2179 aeternam
1489 2171 1499 2186 ,
1515 2153 1590 2179 nos
1607 2145 1746 2179 autem

394 2213 535 2270 largiri
558 2209 779 2267 nequimus
805 2222 814 2247 ε
842 2221 938 2262 ergo
962 2207 1092 2247 nostri
1121 2208 1435 2263 comparatione
1469 2221 1547 2248 nec
1573 2207 1643 2248 ille
1670 2207 1747 2248 lar-

395 2286 518 2342 gitur.
545 2282 733 2324 Habeant
756 2278 881 2335 igitur
894 2277 1059 2318 Arriani
1078 2276 1172 2318 fidei
1193 2292 1276 2318 suae
1287 2277 1506 2334 praemium
1521 2309 1531 2325 ,
1553 2292 1604 2320 ne
1618 2276 1744 2319 vitam

393 2365 590 2397 aeternam
618 2350 902 2407 adipiscantur
926 2362 944 2387 a
969 2347 1090 2388 Filio.
1777 2382 1781 2401 i

410 2422 421 2427 ”
452 2421 668 2466 CXXXII.
704 2418 824 2461 Libet
844 2417 926 2472 jam
953 2417 1123 2457 ulterius
1144 2417 1363 2474 progredi3
1385 2431 1481 2458 nam
1499 2417 1531 2458 si
1553 2417 1630 2459 illis
1652 2418 1742 2474 pla-

396 2503 463 2536 cet
484 2494 599 2534 hunc
618 2493 759 2532 locum
782 2488 833 2529 ad
855 2485 1004 2527 divinae
1028 2487 1350 2543 perpetuitatem
1374 2487 1528 2529 referre
1547 2488 1742 2529 substan-

390 2564 480 2613 tiae,
502 2560 708 2620 accipiant
730 2558 855 2601 etiam
875 2556 1039 2599 tertiam
1063 2557 1379 2615 expositionem.
1402 2557 1550 2602 Nonne
1571 2558 1746 2601 eviden-

439 2666 448 2683 ¹
468 2657 563 2690 Joan.
584 2665 614 2695 v,
633 2662 687 2687 οι.
707 2670 747 2676 —-
766 2661 778 2679 ι
801 2651 897 2685 Rom.
917 2658 961 2686 iv,
981 2647 1034 2688 ²4-
