1768 3283
701 338 834 365 iam-:x-
1368 323 1450 382 519

229 465 280 492 DE
313 467 496 494 st’mffl'rU
531 469 689 496 sANCTo
726 470 775 495 Au
810 468 1048 495 GRleANUM
1083 468 1308 496 AUGUSTUM·

107 575 205 611 Lien
230 578 259 611 I.
286 580 448 621 Prologus.
477 581 512 611 lu
537 580 699 612 Gedronis
718 580 873 613 (lectione
893 581 1069 612 Dominirae
1087 578 1314 612 inrarnationis
1327 575 1361 608 fi·

151 644 259 676 guram
277 634 370 666 fuisse
385 647 391 666 :
407 635 437 666 in
456 635 537 666 hoedi
557 633 709 666 sacrificio
734 640 935 675 peccatorum
962 645 1017 676 per
1035 634 1154 665 Christi
1176 643 1289 675 corpus
1310 642 1363 662 ex-

151 688 340 729 piandorum
358 701 364 719 :
384 688 415 719 in
433 689 522 721 vituli
541 711 549 726 ,
573 688 775 729 profanorum
793 698 952 719 sacrorum
974 688 1203 719 abolendorum
1221 698 1228 718 t
1245 687 1277 718 in
1295 692 1363 718 tre-

150 743 250 774 centis
264 743 403 784 denique.
421 742 575 773 militibus
592 742 704 773 suturae
713 752 769 783 per
778 752 903 773 crucem
918 742 1155 784 redemptionis.
1170 740 1265 780 Quod
1279 739 1369 782 plura

152 796 284 837 petierit
300 796 385 837 signa
404 795 485 827 idem
503 796 652 830 Gedeon.
670 796 810 838 mysterii
826 795 942 830 suisse3
961 806 1017 837 per
1037 794 1162 826 velleris
1175 795 1259 825 euim
1273 792 1368 824 sicci-

152 855 251 882 tatem
269 861 305 881 ac
317 850 579 881 madefactionem
594 872 603 887 ‚
618 850 804 880 Judaeorum
827 849 1066 884 infidelitatem.
1087 849 1294 890 gentiumque
1315 857 1369 877 vo-

148 904 303 936 cationem
316 903 522 945 significatas:
540 914 595 944 per
605 914 708 934 rorem
718 908 824 934 autem
842 902 923 944 pelvi
938 909 1117 944 exceptum,
1134 902 1251 944 pedum
1266 902 1364 941 Apos-

151 958 289 990 tolorum
301 958 510 990 ablutionem.
527 958 598 989 Hac
610 957 669 989 sibi
684 957 799 999 pedum
816 957 960 988 mundari
973 957 1080 988 sordes
1093 962 1162 988 orat
1174 954 1371 989 Ambrosius.

150 1013 307 1055 simulque
321 1013 438 1045 Christi
460 1012 690 1053 benignitatem
713 1011 828 1043 laudat.
854 1012 958 1053 Quam
974 1011 1052 1042 utile
1068 1011 1107 1043 sit
1124 1011 1206 1042 hanc
1224 1009 1340 1041 imitari
1358 1007 1368 1039 l

150 1067 304 1098 Eamdem
325 1077 437 1109 aquam
455 1077 471 1097 a
488 1067 546 1098 Dei
576 1066 658 1097 Filio
683 1066 807 1097 missam
824 1065 855 1096 in
880 1065 956 1097 orbe
973 1065 1135 1096 mirabiles
1151 1063 1372 1096 conversiones

150 1120 276 1161 operari
293 1131 301 1151 ι
323 1121 376 1152 sed
389 1121 428 1152 ab
446 1121 508 1152 alio
523 1121 605 1152 mitti
624 1132 685 1151 non
705 1130 812 1161 posse,
831 1131 902 1151 cum
918 1120 957 1151 sit
976 1119 1089 1151 effusio
1105 1119 1241 1161 Spiritus
1251 1117 1350 1149 sancti
1363 1139 1371 1154 ‚

153 1174 206 1216 qui
220 1175 331 1206 alienae
348 1175 494 1217 potestati
510 1185 574 1206 non
588 1174 767 1214 subjicitur.
1396 1168 1456 1210 269

109 1227 223 1259 (ἶΑνυτ
247 1227 276 1258 I.
303 1228 534 1269 Argumentum
552 1238 640 1259 suum
659 1238 818 1267 aggressus
838 1227 1043 1265 Ambrosius,
1063 1228 1288 1268 imperatorem
1300 1234 1371 1255 cum

152 1286 283 1323 propter
298 1281 409 1320 fidem,
437 1288 502 1313 tum
521 1287 651 1323 propter
677 1282 842 1313 Basilicam
870 1282 1017 1313 Erclesiae
1036 1282 1216 1313 restitutam
1238 1278 1370 1310 laudat:

151 1335 225 1366 hinc
249 1335 301 1366 ubi
320 1336 399 1367 dixit
413 1336 625 1371 adversarios,
646 1336 668 1366 si
685 1336 840 1376 Spiritum
860 1341 1001 1366 sanctum
1024 1335 1141 1367 servire
1157 1333 1367 1375 negaverint,

151 1388 226 1430 quin
242 1389 389 1430 sitsuper
410 1389 534 1424 omnia,
558 1388 686 1420 ‹liffitvri
708 1399 769 1419 non
789 1399 898 1429 posse3
915 1389 1003 1420 addit
1022 1387 1179 1428 Spiritum
1197 1385 1343 1417 eumdem
1364 1406 1373 1422 ‚

150 1453 221 1473 cum
235 1442 313 1474 dixit
334 1453 341 1473 :
364 1443 512 1473 Universa
532 1444 673 1473 serviant
691 1443 748 1472 tibi
761 1465 769 1480 ‚
785 1441 859 1476 satis
876 1442 1014 1473 innuisse
1032 1453 1047 1472 a
1064 1440 1217 1472 creaturis
1233 1449 1265 1471 se
1276 1449 1372 1480 sepa-

158 1495 218 1526 rari
237 1506 244 1526 :
265 1497 348 1538 quod
366 1495 434 1528 aliis
453 1507 579 1538 quoque
596 1496 783 1527 testimoniis
800 1496 965 1527 astruitur.
1397 1491 1457 1533 ²76

107 1549 217 1579 (Jipur
242 1549 288 1579 Il.
314 1549 471 1590 Spiritum
489 1555 630 1581 sanctum
646 1560 710 1580 esse
732 1551 813 1581 inter
827 1549 932 1580 omnia
949 1560 1012 1580 non
1032 1549 1157 1591 probari
1173 1559 1210 1580 ex
1227 1548 1288 1579 illis
1304 1558 1372 1578 ver-

151 1603 218 1634 bis:
240 1604 358 1636 Omnia
374 1616 428 1645 par
446 1606 548 1642 ipsum
567 1604 656 1646 facta
671 1609 744 1634 sunt
762 1615 770 1638 ;
786 1614 856 1635 cum
874 1604 975 1635 sactus
994 1615 1055 1635 non
1071 1604 1122 1635 sit.
1140 1604 1285 1645 Namque
1298 1602 1375 1634 alias

150 1657 283 1698 perinde
301 1658 491 1699 probaretur
505 1658 616 1696 Filius,
632 1658 695 1690 imo
711 1657 805 1689 etiam
818 1657 914 1689 Pater
932 1658 1143 1689 numerandus
1157 1658 1240 1688 inter
1255 1655 1372 1687 omnia.

150 1712 246 1750 Quod
261 1717 304 1742 est
323 1711 463 1752 ejusdem
479 1712 660 1753 impietatis.
1398 1720 1459 1752 279

106 1765 217 1796 CAPUT
244 1764 311 1794 ΙΙΙ.
336 1764 429 1804 Quod
447 1765 618 1806 Apostolus
635 1763 751 1795 dixerit
769 1774 806 1795 ex
820 1764 914 1796 Patre
929 1775 988 1805 per
1004 1764 1117 1795 Filium
1130 1763 1236 1795 omnia
1249 1773 1325 1797 esse.
1338 1762 1378 1794 ab

150 1829 258 1850 eorum
279 1820 439 1850 consortio
451 1818 608 1860 Spiritum
623 1830 686 1849 non
705 1818 820 1850 secludi
835 1829 842 1854 ;
862 1829 932 1850 cum
946 1828 1017 1859 quae
1030 1818 1068 1849 ad
1084 1828 1178 1850 unam
1194 1818 1377 1850 referuntur

150 1882 315 1913 personam
327 1895 336 1911 ‚
354 1872 422 1903 aliis
434 1883 561 1914 quoque
573 1872 801 1904 attribuantur.
822 1871 873 1902 Sic
890 1871 1044 1913 baptizati
1063 1872 1092 1903 in
1108 1871 1236 1902 nomine
1251 1871 1374 1903 Christi

149 1925 242 1956 simul
260 1925 291 1956 in
310 1925 414 1956 Patris
425 1935 461 1955 ac
479 1925 616 1966 Spiritus
632 1924 759 1955 nomine
774 1931 945 1956 censentur
965 1924 1140 1965 baptizati3
1162 1924 1184 1955 si
1204 1929 1308 1956 tamen
1330 1924 1375 1956 si·

149 1979 215 2009 mul
233 1978 264 2009 in
283 1983 346 2010 tres
359 1989 508 2020 personas
524 1977 738 2009 crediderint:
755 1988 841 2008 secus
858 1983 976 2015 autem,
992 1978 1094 2009 nullus
1111 1978 1172 2009 erit
1187 1978 1374 2020 baptismus-

152 2032 229 2064 Haec
245 2032 342 2064 etiam
361 2032 519 2073 baptismo
539 2031 568 2062 in
596 2032 736 2072 Spiritus
753 2031 852 2063 sancti
872 2032 1114 2073 nuncupatione
1131 2032 1314 2064 convenire.
1341 2031 1375 2062 Si

149 2093 254 2119 autem
269 2086 311 2117 ob
324 2087 469 2117 eumdem
485 2087 586 2117 locum
603 2087 739 2127 Spiritus
749 2085 788 2116 ab
798 2085 865 2116 alii<
882 2086 1023 2127 personis
1036 2092 1250 2128 separaretur,
1263 2086 1373 2128 utique

151 2141 192 2172 ob
212 2141 290 2172 alios
302 2141 388 2172 locos
402 2142 500 2172 Pater
516 2141 597 2172 Filio
621 2141 744 2171 <licetur
765 2141 1014 2181 postponendus.
1043 2141 1092 2172 Ab
1109 2141 1238 2183 Angelis
1255 2141 1373 2172 Filium

149 2194 289 2232 adorari,
307 2206 371 2226 non
389 2206 405 2226 a
426 2195 548 2236 Spiritu
565 2194 667 2227 :hunc
683 2195 767 2225 enim
785 2198 896 2224 testem
912 2194 978 2235 ejus
996 2205 1079 2233 osse,
1096 2206 1159 2226 non
1178 2195 1370 2227 ministrum.

151 2249 231 2280 Cum
247 2248 395 2280 omnibus
411 2248 619 2290 anteponitur
639 2247 754 2285 Filius,
773 2247 1012 2288 intelligendum
1031 2248 1069 2279 de
1084 2249 1249 2280 creaturis.
1269 2248 1374 2289 Digni-

149 2308 247 2334 tatem
264 2303 361 2333 sancti
383 2302 520 2343 Spiritus
533 2312 550 2333 a
569 2300 688 2343 peccati
709 2300 741 2331 in
759 2312 831 2331 eum
851 2301 975 2332 admissi
996 2302 1274 2334 irremissibilitate
1300 2312 1372 2343 pro-

149 2357 227 2387 bari.
243 2355 337 2387 Unde
353 2355 388 2388 fit
402 2356 453 2387 illa
472 2355 731 2387 irremissibilitas
743 2366 756 2392 3·
771 2360 801 2386 rt
815 2355 976 2396 quomodo
995 2367 1073 2387 unus
1092 2356 1238 2398 Spiritus.
1396 2357 1451 2388 281

109 2411 221 2441 CAPUT
246 2409 306 2440 lv.
331 2408 486 2450 Spiritum
500 2415 646 2440 sanctum
664 2419 760 2439 unum
777 2413 806 2438 et
825 2408 971 2439 eumdem
993 2419 1079 2445 esse,
1102 2411 1154 2451 qui
1178 2410 1302 2442 locutus
1324 2415 1372 2442 est

151 2462 182 2494 in
200 2461 368 2504 Prophetis
382 2467 413 2493 et
428 2462 458 2491 in
475 2460 648 2502 Apostolis.
672 2461 724 2501 qni
742 2460 881 2502 Spiritus
904 2461 962 2492 Dei
987 2467 1020 2493 ,et
1035 2461 1156 2494 Christi
1179 2469 1249 2497 est.
1276 2474 1371 2505 quem

152 2522 304 2559 praeterea
318 2516 473 2558 Spiritum
498 2517 719 2551 Paracletum,
740 2514 893 2557 Spiritum
910 2517 984 2547 vitae
1001 2527 1037 2547 ac
1051 2515 1194 2549 veritatis
1208 2518 1371 2560 Scriptura

149 2571 316 2613 siguificat.
1398 2575 1459 2606 288

107 2624 213 2655 Cnur
237 2623 276 2654 V.
305 2623 461 2665 Spiritum
478 2629 712 2658 sanctum,ruin
730 2627 891 2654 creaturas
909 2622 1101 2662 sanctificet,
1120 2634 1177 2656 nec
1193 2632 1371 2659 ereaturam
