1768 3283
2 318 3 321 Ἴ
376 284 426 309 ur.
462 281 622 309 stuu'ru
656 282 835 315 smero,
875 283 951 308 Lm.
993 284 1018 309 1.
1297 270 1376 309 303

1 335 4 351 Ι

0 359 303 434 plenitudinis
321 390 330 406 ,
354 363 436 414 'quo
461 359 593 400 aciem
624 358 754 399 nostri
777 357 914 399 cordis
943 358 1149 398 illuminet
1178 372 1252 414 pro
1281 374 1382 400 nos—

0 396 4 471 l
34 440 105 472 tra:
126 430 399 486 possibilitate
423 429 596 470 virtutis.
624 429 813 484 Denique
838 437 1001 469 tantum
1020 429 1234 484 capimus,
1255 444 1383 484 quan-

0 495 121 555 {tum
158 500 370 556 prole-ctus
401 507 551 540 nostrae
581 499 734 540 mentis
767 499 969 554 acquirit3
1006 499 1291 555 inseparabilis
1320 507 1382 540 est

0 532 3 624 l
33 570 142 611 enim
182 569 398 625 plenitudo
432 569 574 625 trratie
605 569 822 625 spiritalis,
852 569 925 610 sed
967 569 1089 610 nohis
1124 584 1200 626 pro
1229 576 1380 610 nostrae

0 638 308 696 participatui
326 639 451 680 facult
461 647 524 679 tte
551 648 724 680 naturae.

91 708 281 749 LXXXl
293 709 365 749 Ill.
404 707 593 749 Effundit
614 724 713 764 ergo
737 709 850 750 Deus
870 709 920 750 de
944 708 1125 765 Spiritu,
1150 707 1384 750 effunditur

0 799 1 809 π
36 779 161 818 ctiam
184 778 364 819 charitas
386 778 463 818 Dei
484 793 559 835 per
582 778 815 834 Spiritum:
852 794 934 835 quo
958 780 1053 820 loco
1077 779 1281 819 unitatem
1311 779 1385 818 de-

35 849 180 889 bemus
219 863 442 904 agnoscere
480 849 731 905 operationis
764 858 805 890 et
837 849 990 904 gratiae.
1032 848 1151 890 Sicut
1182 849 1294 890 enim
1333 849 1383 889 de

37 918 194 974 Spiritu
219 927 362 959 sancto
386 919 496 960 Deus
521 918 692 966 effudit,
715 919 768 960 ita
793 919 918 960 etiam
952 936 968 956 «
992 918 1182 960 Charitas
1214 918 1289 960 Dei
1323 918 1383 959 ef-

38 987 153 1029 »l'nsa
178 995 238 1029 cst
258 988 297 1029 in
321 989 519 1029 cordibus
546 989 699 1030 nostris
721 1004 794 1045 per
812 988 1015 1045 Spiritum
1035 997 1226 1029 sanctum
1242 988 1252 1008 ¹
1271 1004 1282 1036 ;
1303 1007 1317 1026 n
1341 997 1388 1030 ut

37 1059 317 1116 intelligamus
337 1075 419 1100 non
442 1075 532 1100 esse
553 1075 657 1116 opus
681 1068 873 1101 sanctum
895 1058 1099 1117 Spiritum
1114 1091 1124 1108 ,
1144 1059 1217 1115 qui
1241 1059 1388 1100 divinae

40 1129 195 1170 arbiter
219 1138 258 1170 ct
276 1130 366 1171 sons
391 1129 576 1186 profluus
595 1130 810 1171 charitatis
829 1138 904 1171 est.

97 1199 339 1242 LXXXlX.
375 1199 577 1241 Similiter
605 1209 743 1241 autem
770 1195 977 1240 ut'credas
1001 1198 1043 1240 id
1068 1199 1183 1254 quod
1207 1198 1392 1240 effundi-

40 1278 123 1317 tur,
158 1284 254 1311 cum
287 1271 490 1311 creaturis
516 1284 600 1311 non
629 1285 750 1327 posse
764 1284 852 1311 esse
871 1267 1393 1324 commune,sedspeciale

40 1338 303 1387 Divinitatis;
328 1340 452 1381 etiam
481 1349 522 1382 et
544 1340 638 1382 Filii
663 1355 816 1381 nomen
839 1338 1084 1386 effunditur,
1106 1338 1214 1379 sicut
1235 1337 1365 1380 habes
1388 1353 1397 1378 ε

53 1409 357 1465 «Unguentum
380 1410 640 1451 exinanitum
665 1418 727 1451 est
750 1423 904 1449 nomen
929 1417 1048 1450 tuum
1067 1406 1098 1449 ².
1121 1426 1137 1446 »
1163 1406 1293 1463 Cujus
1322 1408 1402 1449 vir-

43 1486 132 1520 tute
154 1480 358 1521 sermonis
375 1480 479 1522 nihil
502 1489 637 1537 potest
658 1495 747 1521 esse
771 1479 1049 1536 praestantius.
1078 1479 1182 1521 Nam
1201 1478 1310 1520 sicut
1331 1479 1395 1520 in-

44 1551 206 1592 clusum
230 1552 270 1592 in
293 1566 387 1592 vase
415 1552 555 1607 aliquo
579 1559 842 1606 unguentum
861 1549 1033 1591 cohibet
1051 1550 1225 1590 odorem
1244 1564 1365 1590 suum
1381 1581 1392 1597 ,

44 1622 114 1677 qui
145 1621 249 1663 odor
275 1622 462 1678 quandiu
492 1621 596 1663 vasis
619 1621 728 1663 illius
753 1621 950 1678 angustiis
976 1624 1212 1671 coercetur,
1241 1620 1316 1660 etsi
1349 1621 1400 1661 ad

44 1692 183 1748 plnres
214 1707 296 1732 non
332 1700 467 1748 potest
504 1692 748 1747 pervenire,
786 1701 922 1732 tamen
958 1690 1038 1731 vim
1073 1705 1190 1731 suam
1230 1699 1393 1738 servat3

45 1776 141 1802 cum
166 1776 263 1802 vero
286 1763 336 1803 de
361 1777 452 1803 vase
476 1762 544 1802 illo
560 1794 568 1808 ‚
595 1777 677 1817 quo
701 1762 994 1807 claudebatur,
1020 1769 1281 1815 unguentum
1304 1760 1396 1801 fue-

7 1831 12 1834 ’
47 1832 100 1873 rit
123 1832 325 1879 effusum,
350 1833 472 1888 longe
496 1833 661 1889 lateque
689 1831 966 1873 diffunditur:
993 1831 1046 1872 ita
1071 1839 1112 1872 et
1138 1830 1292 1871 Christi
1319 1846 1396 1871 no-

47 1917 142 1943 men
177 1910 271 1942 ante
298 1901 388 1956 ejus
420 1903 641 1943 adventum
671 1903 711 1943 in
737 1905 861 1943 lsrael
894 1902 1074 1958 populo,
1101 1900 1218 1956 quasi
1243 1900 1282 1941 in
1306 1915 1399 1941 vase

50 1971 188 2026 aliquo
210 1971 456 2012 Judaeorum
479 1972 690 2013 mentibus
713 1972 989 2013 claudebatur
1010 1986 1019 2011 :
1047 1989 1061 2009 α
1080 1971 1210 2012 Notus
1228 1969 1399 2012 enimin

48 2041 220 2082 »Judaea
260 2042 371 2083 Deus
391 2074 399 2088 ‚
435 2042 476 2082 in
516 2043 642 2083 Israel
677 2058 871 2099 magnum
905 2057 1059 2083 nomen
1098 2040 1214 2097 ejus³
1240 2056 1248 2081 :
1270 2060 1284 2079 n
1315 2042 1396 2083 boc

50 2111 195 2166 utique
218 2126 391 2159 nomen,
420 2112 534 2168 quod
564 2127 658 2154 vasa
679 2113 924 2154 Judaeorum
949 2112 1146 2169 angustiis
1169 2112 1251 2153 suis
1276 2116 1397 2153 coer-

52 2182 182 2223 citum
207 2182 497 2223 continebant.

109 2250 200 2293 XC.
239 2251 434 2307 Magnum
462 2251 632 2307 quidem
662 2261 704 2294 et
738 2261 839 2293 tunc
869 2267 1054 2299 nomen,
1076 2267 1172 2293 cum
1202 2251 1403 2292 infirmio-

52 2338 145 2364 rum
179 2331 303 2378 atque
330 2338 563 2379 paucorum
591 2323 770 2365 haereret
800 2323 1028 2379 angustiis:
1051 2324 1122 2364 sed
1154 2323 1406 2380 magnitudi-

53 2409 149 2434 nem
174 2393 236 2434 sui
268 2394 456 2434 noudum
492 2409 567 2450 per
601 2393 728 2435 corda
762 2394 977 2450 gentium,
1003 2401 1043 2434 et
1067 2393 1107 2433 in
1139 2392 1240 2434 fines
1281 2393 1406 2434 totius

55 2463 166 2503 orbis
188 2462 407 2504 effuderat.
438 2464 584 2505 Postea
617 2479 715 2504 vero
742 2478 866 2519 quam
894 2479 969 2520 per
999 2478 1165 2504 omnem
1198 2465 1406 2504 mundum

56 2547 131 2574 suo
147 2532 282 2574 illuxit
300 2533 499 2582 adventu,
518 2548 594 2590 per
610 2548 778 2575 omnem
799 2534 942 2590 utique
959 2542 1196 2576 creaturam
1220 2534 1406 2576 divinum

103 2630 110 2645 ¹
136 2622 224 2655 Rom.
242 2632 274 2661 v,
295 2623 324 2654 5.
346 2640 383 2647 -
403 2632 415 2648 ⁸
434 2623 529 2655 Cant.
550 2633 573 2661 ι,
594 2634 621 2656 ².
645 2640 683 2648 -
703 2624 716 2646 ³
737 2623 819 2658 Psal,
837 2634 934 2662 mxxv,
953 2635 982 2656 ι.
