1768 3283
322 307 408 359 486
868 323 899 351 s.
939 323 1131 351 AMBflosll

322 401 422 444 etin
443 400 659 445 Zachariae
683 401 927 458 prophetia,
965 411 1008 444 et
1041 402 1082 443 in
1108 401 1335 459 Evangelio
1367 400 1665 461 significatum.

324 472 428 525 Quae
453 474 486 516 si
516 474 608 531 quis
638 475 895 516 recensenda
929 482 1070 531 putat,
1096 474 1312 530 superiora
1338 476 1524 517 revolvat
1548 483 1592 518 et
1611 489 1673 518 re·
1719 465 1722 470 ¹

321 553 450 602 petat.

385 615 513 659 CXV.
548 614 709 658 Tamen
731 616 846 672 quod
868 615 924 658 ibi
954 624 1125 673 propter
1144 616 1458 673 congestionem
1483 616 1672 659 testimo·

327 687 494 729 niorum
513 702 621 744 pene
643 687 848 744 praeterii,
867 687 1008 729 dicant
1031 689 1083 729 de
1104 703 1187 743 quo
1203 695 1352 745 putent
1367 687 1544 735 dictum,
1559 687 1674 743 quod

325 756 454 798 Amos
478 756 771 815 prophetavit;
792 757 850 799 sic
873 757 983 799 enim
1003 758 1207 816 scriptum
1233 767 1297 800 est
1321 757 1580 800 :aDominus
1601 756 1674 814 qui

324 845 340 867 ι»
355 827 491 885 attigit
514 836 692 875 terram,
715 836 759 870 et
785 836 926 869 movet
957 843 1075 877 eam,
1104 837 1145 870 et
1166 828 1372 885 lugebunt
1392 843 1539 870 omnes
1564 842 1679 870 com·

329 907 571 941 »morantes
594 898 636 940 in
658 914 719 941 ea.
750 899 803 941 Et
831 901 1033 942 ascendet
1056 899 1164 941 sicut
1184 899 1342 941 ssumen
1365 899 1559 957 AEgypti,
1582 897 1679 955 quia

329 987 345 1008 n
359 968 538 1011 aedificat
552 985 678 1026 super
695 971 848 1011 coelum
868 970 1155 1012 ascensionem
1172 985 1289 1012 suam
1303 1002 1313 1017 ,
1335 978 1377 1011 et
1394 968 1680 1027 repromissio-

327 1058 343 1077 υ
359 1054 456 1080 nem
480 1055 597 1081 suam
626 1055 752 1096 super
774 1048 931 1081 terram
959 1038 1183 1081 confirmat
1203 1053 1213 1080 t
1234 1039 1304 1095 qui
1331 1040 1507 1081 advocat
1532 1053 1682 1095 aquam

327 1110 484 1151 »maris
506 1142 516 1156 ‚
543 1118 585 1151 et
606 1108 787 1151 effundit
821 1125 914 1151 eam
951 1124 1078 1166 super
1109 1109 1258 1151 faciem
1293 1118 1439 1157 terrae,
1472 1108 1682 1150 Dominus

328 1199 343 1219 n
359 1180 626 1237 omnipotens
649 1195 802 1221 nomen
820 1188 882 1222 est
899 1179 978 1222 ei¹.
1000 1179 1176 1222 »Nonne
1202 1179 1291 1220 haec
1314 1179 1454 1220 omnia
1471 1178 1511 1220 in
1528 1178 1683 1220 Filium

329 1251 569 1308 intelligunt
598 1251 850 1299 convenire,
885 1251 954 1307 qui
982 1259 1137 1292 terram
1166 1251 1428 1292 descendens
1455 1250 1614 1307 tetigit,
1640 1249 1682 1291 in

329 1321 520 1378 passione
548 1322 802 1367 commovit,
825 1322 875 1363 de
898 1321 1020 1363 terris
1039 1320 1226 1362 ascendit
1245 1320 1284 1361 in
1304 1322 1456 1362 coelum
1470 1353 1479 1368 ‚
1499 1328 1541 1363 et
1560 1334 1686 1378 super

330 1399 486 1434 terram
507 1392 724 1433 descendit
747 1407 770 1432 e
797 1392 904 1432 coelo
924 1423 934 1439 ,
958 1391 1070 1432 sicut
1091 1391 1179 1447 ipse
1201 1389 1480 1446 promiserat?

392 1461 542 1504 CXVI.
581 1461 664 1503 Sed
682 1461 784 1517 quid
807 1463 858 1503 de
879 1461 985 1503 Filio
1008 1461 1158 1502 laboro
1178 1493 1188 1509 ‚
1215 1475 1311 1502 cum
1333 1460 1457 1502 etiam
1481 1459 1685 1516 Spiritum

333 1532 671 1588 omnipotentem
702 1532 918 1588 Scriptura
953 1530 1168 1573 testetur?
1204 1530 1418 1586 Scriptum
1449 1538 1513 1571 est
1537 1529 1684 1571 enim:

340 1600 499 1643 «Verbo
517 1601 685 1643 Domini
703 1602 796 1643 coeli
811 1600 966 1642 firmati
980 1610 1093 1650 sunt,
1110 1609 1151 1642 et
1170 1600 1327 1656 Spiritu
1346 1600 1429 1642 oris
1443 1599 1534 1656 ejus
1551 1597 1689 1641 omnis

333 1672 493 1714 »virtus
516 1672 711 1714 eorum².
730 1690 745 1710 »
773 1673 825 1713 Et
860 1674 912 1713 de
944 1671 1160 1729 Sapientia
1190 1671 1394 1727 scriptum
1419 1679 1480 1712 est
1503 1670 1597 1726 quia
1620 1670 1690 1712 ha-

302 1781 308 1784 .
336 1743 434 1784 beat
453 1743 494 1783 in
512 1758 555 1784 se
576 1743 908 1798 omnipotentem
933 1742 1135 1797 Spiritum
1155 1775 1164 1788 ‚
1191 1742 1294 1784 dicit
1321 1742 1432 1783 enim
1458 1741 1655 1783 Salomon
1676 1755 1687 1782 ε

344 1813 479 1864 «Quia
503 1814 691 1854 omnium
712 1813 858 1854 artifex
877 1814 1020 1854 docuit
1037 1829 1104 1854 me
1128 1811 1380 1869 Sapientia³.
1397 1812 1497 1853 »Est
1518 1810 1691 1853 enimin

334 1897 378 1922 ea
399 1881 577 1938 Spiritus
597 1882 898 1938 intelligentiae,
919 1893 1087 1924 sanctus
1104 1916 1113 1930 ‚
1135 1884 1285 1923 unicus
1301 1915 1309 1930 ‚
1332 1882 1550 1939 multiplex
1566 1914 1577 1930 ‚
1595 1880 1692 1923 sub-

335 1951 417 1993 tilis
443 1985 452 1999 ,
483 1952 592 1994 bene
615 1952 783 1994 mobilis
804 1984 815 2000 ,
843 1953 1047 2000 disertus,
1074 1953 1370 1994 immaculatus
1392 1984 1401 1999 ‚
1422 1950 1690 1998 manifestus,

336 2022 584 2064 inviolabilis
604 2054 616 2071 ,
642 2023 800 2064 bonum
828 2038 969 2065 amans
992 2055 1001 2070 ,
1027 2032 1176 2065 acutus
1195 2056 1205 2071 ,
1239 2022 1487 2079 providens,
1514 2019 1693 2078 possibi-

336 2092 408 2141 lis,
432 2092 658 2135 munificus
673 2126 683 2142 ‚
708 2093 912 2150 benignus
929 2126 940 2142 ,
967 2093 1125 2135 stabilis
1145 2127 1155 2141 ‚
1185 2093 1361 2149 integer,
1384 2092 1473 2133 sine
1489 2089 1695 2132 sollicitu-

339 2162 436 2203 dine
462 2196 471 2210 ,
507 2163 577 2218 qui
602 2163 740 2204 omnia
763 2172 926 2220 potest,
959 2164 1098 2205 omnia
1132 2172 1348 2221 spectans,
1385 2171 1428 2205 et
1456 2177 1532 2220 per
1553 2160 1695 2203 omnia

336 2240 561 2289 penetrans
579 2233 802 2290 spirituum
823 2232 1166 2290 intelligibilium.

385 2336 396 2352 ¹
416 2329 526 2361 Amos.
544 2340 590 2368 ix,
607 2332 638 2368 5,
655 2331 683 2361 6.
705 2349 747 2355 -
764 2340 775 2354 ·
796 2331 876 2363 Psoi.
897 2342 1000 2369 xxxii,
1017 2332 1047 2363 6.
1067 2350 1105 2356 --
1125 2334 1138 2355 ³
1165 2332 1241 2373 Sap.
1262 2341 1321 2367 vu,
1342 2341 1394 2362 ια.
