1768 3283
348 309 432 360 458
892 322 920 346 s.
964 320 1152 348 Auneslt

343 416 442 442 usus
480 400 609 441 nostri
641 398 777 440 officia
810 413 1079 455 percurrenS‚
1116 413 1213 439 cum
1254 398 1365 440 Deus
1398 415 1562 458 semper
1584 408 1691 443 esset

344 479 524 513 aeternus
539 503 549 518 ‚
574 468 872 510 incarnationis
896 477 1154 509 sacramenta
1175 468 1384 523 suscepit,
1409 483 1496 510 non
1518 470 1689 518 divisus,

346 542 419 583 sed
439 556 570 587 unus3
596 538 690 594 quia
710 546 934 594 utrumque
957 553 1064 578 unus
1082 572 1090 585 ,
1118 546 1158 578 et
1183 553 1289 579 unus
1318 538 1357 579 in
1385 547 1588 596 utroque,
1611 540 1694 583 hoc

345 619 430 659 est,
449 612 514 651 vel
536 609 762 651 Divinitate
784 608 848 648 vel
870 621 1047 662 corpore
1068 621 1077 647 :
1108 608 1322 648 nonenim
1348 609 1450 649 alter
1466 624 1516 649 ex
1537 609 1659 650 Patre
1679 641 1690 658 ‚

344 683 448 722 alter
482 696 532 722 ex
562 679 763 736 Virgine3
802 677 873 718 sed
910 676 1020 718 idem
1054 677 1173 718 aliter
1210 693 1260 718 ex
1300 679 1441 727 Patre,
1488 680 1607 721 aliter
1642 693 1693 721 ex

345 751 528 809 Virgine.

404 822 599 865 XXXVI.
638 819 863 863 Generatio
900 818 1159 875 generationi
1191 834 1275 860 non
1306 819 1581 875 praejudicat,
1619 835 1699 863 nec

350 911 447 939 caro
470 893 705 940 Divinitati3
730 891 825 947 quia
849 905 927 931 nec
956 889 1104 946 pignus
1125 890 1260 937 Patri,
1288 905 1366 932 nec
1394 891 1583 933 voluntas
1601 906 1700 948 pas-

349 967 475 1015 sioni,
505 980 581 1006 nec
606 964 741 1022 passio
762 960 981 1003 voluntati.
1006 960 1121 1001 Idem
1146 960 1257 1001 enim
1279 960 1531 1015 patiebatur,
1554 969 1595 1003 et
1614 976 1702 1003 non

348 1038 586 1095 patiebatur
607 1050 615 1075 :
636 1033 911 1077 moriebatur,
933 1039 974 1071 et
990 1045 1074 1070 non
1094 1030 1353 1071 moriebatur
1375 1047 1383 1071 :
1404 1032 1699 1088 sepeliebatur,

350 1116 392 1149 et
416 1122 498 1148 non
517 1105 800 1162 sepeliebatur
820 1117 830 1142 z
851 1101 1116 1157 resurgebat,
1138 1108 1179 1140 et
1200 1115 1283 1141 non
1309 1101 1577 1157 resurgebat3
1604 1101 1702 1158 quia

351 1191 503 1232 corpus
539 1173 754 1231 proprium
784 1170 1012 1212 suscitabat
1035 1184 1044 1209 z
1071 1169 1166 1225 quia
1190 1171 1302 1225 quod
1326 1170 1501 1217 cecidit,
1529 1170 1608 1212 hoc
1637 1186 1705 1212 re-

351 1246 482 1303 surgit
503 1260 512 1286 :
535 1245 649 1301 quod
668 1258 749 1284 non
777 1239 951 1288 cecidit,
979 1254 1061 1280 non
1086 1240 1275 1296 resurgit.
1298 1240 1558 1297 Resurgebat
1578 1239 1705 1297 igitur

352 1317 583 1358 secundum
610 1327 802 1358 carnem,
829 1326 919 1367 quae
943 1318 1110 1350 mortua
1128 1309 1380 1350 resurrexit:
1407 1325 1489 1350 non
1518 1323 1705 1365 resurge-

352 1387 424 1428 bat
454 1385 687 1427 secundum
723 1381 930 1428 Verbum,
972 1380 1084 1434 quod
1122 1393 1204 1419 non
1245 1379 1475 1419 resolutum
1508 1378 1706 1420 sueratin

353 1464 507 1497 terram
524 1487 533 1501 ,
564 1454 636 1495 sed
668 1452 778 1508 apud
800 1451 935 1492 Deum
960 1463 1126 1504 semper
1147 1448 1355 1489 manebat.

409 1523 628 1567 XXXVII.
668 1522 776 1578 Ergo
809 1528 851 1561 ct
887 1518 1146 1560 moriebatur
1179 1518 1411 1559 secundun]
1438 1526 1588 1559 nostrae
1615 1532 1707 1559 sus-

353 1595 591 1652 ceptionem
612 1601 794 1638 naturae,
822 1599 862 1631 et
887 1604 968 1630 non
993 1588 1252 1629 moriebatur
1278 1588 1510 1628 secundum
1537 1595 1705 1629 aeternae

354 1666 629 1707 substantiam
655 1664 777 1703 vitae:
803 1670 843 1702 et
868 1660 1101 1716 patiebatur
1129 1660 1360 1699 secundum
1395 1658 1582 1714 corporis
1614 1673 1708 1699 sus-

356 1737 616 1792 ceptione1n;
650 1742 697 1775 ut
729 1731 911 1787 suscepti
944 1731 1130 1786 corporis
1169 1729 1317 1769 veritas
1353 1729 1629 1770 crederetur:
1667 1736 1711 1771 et

356 1822 438 1848 non
457 1806 696 1863 patiebatur
712 1803 945 1844 secundun]
961 1799 1086 1841 Verbi
1107 1800 1401 1856 impassibilem
1418 1799 1708 1846 Divinitatem‚

357 1877 466 1932 quod
496 1875 622 1916 totins
650 1888 791 1914 exsors
825 1870 979 1912 doloris
1015 1878 1088 1911 est.
1134 1869 1322 1924 llrnique
1359 1869 1467 1910 idom
1509 1869 1707 1911 dicebat:
1767 1883 1768 1887 ¹

367 1965 380 1983 c«
410 1949 541 1991 Deus,
574 1945 688 1986 Deus
722 1958 863 1988 meus,
896 1941 1056 1997 respice
1090 1941 1128 1980 in
1167 1956 1262 1981 nic:
1290 1956 1417 1995 quare
1455 1955 1521 1981 me
1560 1939 1712 1981 ‹lereli-
1766 1948 1768 1995 J

358 2016 605 2072 rquisti¹?»
634 2015 727 2071 quia
763 2014 996 2053 secundnm
1032 2026 1200 2052 carnem
1235 2011 1405 2052 relictus
1437 2019 1525 2058 est,
1551 2011 1619 2068 qui
1651 2026 1712 2053 se·
1766 2020 1768 2046 ἐ

359 2089 543 2129 cundum
567 2085 835 2127 Divinitatem
856 2097 931 2123 nec
951 2081 1083 2123 deseri
1109 2081 1262 2137 potuit,
1293 2096 1370 2122 nec
1398 2080 1591 2136 relinqui.

417 2158 659 2200 XXXVIII.
697 2156 812 2196 Idem
844 2153 969 2195 etiam
1012 2152 1141 2194 (licit.-
1177 2151 1356 2208 «Longe
1387 2167 1407 2192 a
1447 2152 1579 2193 salute
1622 2165 1714 2192 mea
1766 2138 1768 2141 .

360 2251 375 2268 v>
391 2229 516 2269 verba
535 2226 785 2268 delictorum
808 2237 999 2264 meorum
1016 2220 1049 2269 ²,
1071 2241 1084 2259 n
1108 2221 1187 2262 hoc
1212 2230 1269 2263 est
1285 2254 1295 2269 ‚
1317 2236 1397 2262 non
1418 2221 1622 2278 capiatur,
1644 2220 1714 2276 qui

358 2298 508 2339 audit:
539 2315 552 2333 a
574 2297 716 2347 Quare
736 2310 802 2334 me
831 2292 1089 2348 dereliquisti
1107 2291 1123 2332 Ρ
1141 2312 1154 2329 ·›
1180 2293 1250 2332 secl
1278 2291 1481 2347 intelligat
1510 2291 1620 2346 quod
1649 2305 1716 2332 se-

365 2369 550 2409 cundum
579 2380 748 2407 carnem
794 2364 867 2404 ista
914 2362 1091 2409 dicatur,
1126 2377 1218 2417 quae
1250 2363 1373 2418 longe
1404 2376 1423 2402 a
1452 2359 1713 2418 plenitudine

360 2435 595 2477 Divinitatis
613 2434 745 2475 aliena
769 2441 877 2473 sunt.
909 2430 1055 2474 Aliena
1077 2439 1171 2471 sunt
1189 2431 1301 2471 enim
1324 2446 1344 2471 a
1374 2430 1461 2471 Deo
1483 2431 1607 2472 verba
1637 2430 1712 2471 de—

364 2506 585 2552 lictoruin3
610 2504 703 2560 quia
724 2504 853 2544 aliena
877 2510 973 2542 sunt
997 2510 1038 2542 et
1062 2501 1209 2542 delicta
1232 2501 1454 2541 verborum
1481 2515 1490 2541 :
1518 2499 1587 2541 secl
1612 2514 1718 2555 quo·-

364 2575 473 2615 niam
501 2574 651 2615 delicta
677 2574 806 2614 aliena
827 2570 990 2627 suscepi
1008 2604 1016 2617 ‚
1051 2571 1175 2612 etiam
1204 2570 1454 2611 delictorum
1487 2568 1719 2610 alienorum

414 2671 421 2685 ¹
441 2662 523 2693 Psal-
540 2673 605 2698 xxi,
633 2674 655 2692 ι.
680 2680 713 2685 -
739 2673 748 2684 ²
773 2661 855 2692 lbitl.
