1768 3283
333 341 420 402 [⁴98
840 359 1170 388 ANNOTATIORES.

329 437 577 479 sicutetiam
596 436 667 477 lib.
695 450 759 483 IV,
787 435 842 477 ait
865 437 1062 478 eumdem
1088 437 1301 479 Christum
1325 452 1380 478 ex
1403 451 1595 492 personas
1610 432 1680 479 ho-

328 506 464 549 minis
482 506 708 547 incarnati
729 506 996 561 susceptione
1015 506 1145 561 loqui.

703 690 945 717 ANNOTATIO
985 677 1070 732 (13)
1110 692 1201 734 pag.
1241 677 1307 718 88.

385 835 618 878 Irridentur
649 836 718 878 hic
749 837 916 879 Arriani
936 870 945 885 ‚
981 839 1050 894 qui
1085 853 1181 879 cum
1211 837 1484 895 philosophiae
1516 840 1678 895 placitis

324 905 401 947 niti
419 921 461 947 se
482 905 704 961 jactarent,
729 906 974 948 relationem
995 907 1239 963 quantitatis
1255 941 1266 956 ‚
1292 908 1362 948 ubi
1386 908 1679 966 philosophice

322 974 533 1030 loquendo
567 975 778 1030 qualitatis
812 991 903 1017 esse
940 977 1114 1024 debeat,
1149 977 1421 1018 inducebant.
1455 977 1525 1019 Sic
1553 978 1679 1020 etiam

323 1043 505 1099 Cyrillus
531 1045 649 1084 Alex.
683 1043 723 1084 in
755 1044 897 1085 Thess.
928 1044 1122 1093 dissere„
1166 1060 1234 1092 11,
1268 1047 1459 1087 eamdem
1482 1047 1679 1088 Eunomii

321 1113 527 1154 fallaciam
552 1114 701 1170 arguit.
728 1114 964 1170 Eapropter
987 1124 1125 1156 autem
1144 1114 1436 1157 difficultatem
1463 1115 1572 1158 hanc
1594 1132 1678 1158 uno

321 1182 450 1223 verbo
475 1182 719 1239 perstrinxit
758 1183 1031 1233 Ambrosius,
1065 1184 1159 1241 quia
1192 1185 1324 1242 ipsam
1356 1200 1481 1242 supra
1514 1185 1680 1228 abunde

320 1253 528 1295 enodavit.

705 1387 948 1415 ΑΝΝοΤΑΤιο
986 1374 1076 1429 (ι4)
1110 1388 1201 1431 pag.
1241 1374 1308 1431 89.

379 1521 651 1578 manuscripti
666 1521 781 1564 haud
802 1523 952 1579 pauci,
973 1538 1064 1564 non
1096 1523 1384 1564 deramatam.
1426 1520 1678 1578 Quanquam

314 1606 399 1632 non
422 1593 602 1634 absurde
618 1623 628 1643 ‚
650 1592 801 1634 melius
825 1601 967 1635 tamen
992 1593 1083 1642 alii,
1110 1601 1233 1650 atque
1249 1592 1349 1634 edit.
1373 1606 1461 1633 non
1482 1593 1680 1633 diminu-

316 1671 422 1704 tam.
449 1662 568 1703 Hanc
593 1670 733 1703 autem
759 1677 910 1705 vocem
927 1696 937 1712 ,
956 1663 1132 1720 perinde
1154 1678 1200 1705 ac
1218 1671 1465 1718 sequentem
1486 1677 1572 1703 non
1586 1677 1679 1719 pos-

315 1732 369 1774 sis
396 1732 552 1774 rectius
582 1732 815 1789 intelligere
836 1765 846 1784 ,
885 1748 1010 1790 quam
1034 1749 1084 1775 ex
1111 1733 1194 1776 hoc
1219 1733 1365 1775 Hilarii
1388 1733 1484 1774 loco
1505 1733 1583 1776 lib.
1615 1748 1675 1781 VI,

316 1803 368 1843 de
392 1802 578 1851 Trinit„
609 1804 668 1845 sic
689 1805 911 1860 loquentis
933 1819 941 1845 :
968 1804 1116 1847 Nescit
1132 1805 1181 1845 in
1197 1804 1287 1846 Deo
1306 1803 1556 1861 portionem
1571 1836 1581 1852 ,
1606 1804 1680 1845 sed

318 1873 399 1913 seit
427 1873 571 1915 Deum
600 1884 742 1916 totum
764 1889 818 1916 ex
839 1875 933 1918 Deo
955 1884 1041 1916 toto
1060 1890 1074 1917 .·
1097 1876 1176 1917 scit
1200 1890 1255 1916 eae
1288 1889 1375 1915 uno
1402 1887 1566 1925 unum5
1589 1888 1679 1914 non

321 1943 554 1992 desectum,
576 1945 651 1986 sed
668 1955 826 1987 natam
846 1961 860 1986 .·
878 1946 958 1988 scic
971 1946 1210 1987 nativitato
1225 1946 1309 1988 Dei
1320 1960 1398 1986 ⁷260
1413 1945 1678 1987 diminutio-

323 2027 426 2054 nem
452 2028 541 2056 esse
562 2014 787 2072 gignentis
801 2048 812 2065 ,
834 2031 912 2058 neo
934 2016 1244 2072 infirmitatem
1266 2031 1349 2059 esse
1364 2015 1594 2058 nascentis.

677 2182 920 2212 ANNOTAT10
956 2168 1046 2227 (15)
1082 2184 1174 2227 pag.
1217 2170 1311 2210 108.

376 2315 679 2358 Alexandrinos
714 2324 837 2373 atque
866 2318 1083 2375 AEgyptios
1107 2318 1176 2360 hic
1205 2315 1383 2360 indicari
1406 2329 1672 2373 cognoscere

319 2394 380 2428 est
402 2401 453 2428 ex
472 2386 520 2428 iis
531 2401 621 2442 quae
639 2385 680 2428 S.
701 2386 875 2437 Doctor,
897 2388 1097 2445 Exposit.
1120 2387 1442 2435 Psalmixxxw,
1457 2400 1576 2428 num.
1595 2386 1673 2433 55,

321 2465 541 2498 memorat.
581 2457 641 2498 Ex
667 2456 731 2499 his
758 2466 897 2499 autem
925 2458 1088 2500 dnobus
1113 2457 1215 2500 locis
1241 2458 1342 2499 duas
1363 2456 1595 2514 praecipuas
1615 2457 1675 2498 le-

323 2527 448 2582 gendi
480 2526 659 2583 hujusce
695 2536 834 2570 textus
866 2528 1047 2570 rationes
1068 2528 1194 2569 fuisse
1221 2527 1446 2584 intelligas3
1479 2527 1672 2572 alteram,

324 2609 416 2651 quae
436 2596 572 2637 verbis
602 2596 697 2645 illis,
719 2598 887 2638 Omnia
906 2599 1139 2655 peripsum
1158 2600 1454 2654 fizctasunt,ct
1471 2596 1566 2637 sine
1583 2595 1674 2652 ipso

323 2666 492 2720 saccum
516 2675 576 2707 esc
592 2666 729 2715 nillil,
752 2667 990 2712 absolutum
1017 2683 1185 2711 sensum
1204 2667 1445 2710 includebat
1466 2680 1475 2706 :
1501 2667 1673 2708 alteram
