1806 3256
498 297 550 326 ωε
583 295 693 331 FIDE,
729 295 808 325 Lm.
847 297 908 324 111.
1310 282 1388 340 137

45 452 716 469 ww.mmmw=m=mmmmsz
722 449 1088 462 smtssmmwssw
1095 450 1392 462 mwvssuwssm

543 577 719 620 CAPUT
751 576 887 620 XVII.

50 709 299 767 Objtzclz'oni
322 726 416 766 (μαῖ’
431 709 502 750 hic
522 700 845 767 nascipoterat',
872 723 1119 755 occurrens,
1148 723 1227 748 eur
1245 708 1394 750 Domi-

106 795 188 822 nus
212 781 434 837 Stephano
465 791 578 821 stare
609 781 729 822 υῐευε
755 780 948 836 explieat
972 795 986 819 :
1013 789 1050 818 ct
1085 794 1138 818 ex
1169 777 1304 833 hujus
1338 778 1396 819 ad

105 852 278 894 Filium
296 850 495 905 precibus
515 850 708 906 ejusdcm
725 866 775 892 ac
797 849 943 891 Patris
960 848 1209 903 (equalitate
1233 847 1396 904 constr-

105 930 248 968 πταιιι,
277 920 443 962 librum
470 921 695 962 terminat.

106 1065 360 1108 CXXXVII.
402 1068 490 1109 Uno
514 1076 677 1109 tantum
695 1068 789 1109 loco
814 1075 993 1109 stantem
1014 1067 1063 1108 ad
1089 1068 1301 1107 dexteram
1320 1064 1396 1106 Dei

45 1134 189 1176 Jesum
215 1136 451 1192 Stephanus
482 1138 628 1178 vidisse
654 1153 696 1179 se
717 1138 829 1178 dixit.
855 1138 906 1179 Et
933 1137 1012 1178 hoc
1043 1138 1170 1185 disce,
1198 1151 1249 1176 nc
1271 1150 1396 1191 quam

47 1203 145 1246 hinc
168 1220 333 1247 moveas
357 1207 643 1262 quaestionem.
668 1207 753 1247 Cur
773 1206 885 1248 enim
917 1207 1073 1262 ubique
1103 1206 1150 1246 ad
1183 1207 1396 1247 dexteram

47 1275 190 1315 sedere
227 1276 461 1317 ostenditur
485 1308 494 1323 ,
541 1291 624 1317 uno
672 1277 825 1333 legitur
864 1276 904 1317 in
942 1278 1035 1318 loco
1075 1275 1227 1317 stare?
1268 1274 1396 1315 Sedet

45 1345 161 1400 quasi
193 1344 321 1401 judex
365 1347 550 1387 vivorum
588 1355 629 1387 et
657 1354 921 1388 mortuorum
958 1362 965 1386 :
1001 1355 1082 1387 stat
1117 1344 1233 1401 quasi
1273 1344 1398 1385 advo-

47 1424 161 1457 catus
195 1431 380 1457 suorum.
408 1416 553 1457 Stabat
578 1431 676 1473 ergo
708 1417 824 1472 quasi
861 1418 1056 1458 sacerdos
1076 1449 1084 1463 ,
1121 1414 1287 1471 quando
1318 1414 1398 1455 Pa-

48 1485 100 1527 tri
133 1485 312 1526 hostiam
345 1487 442 1527 boni
474 1487 667 1543 Martyris
691 1487 895 1528 offerebat
928 1502 936 1527 :
967 1487 1104 1527 stabat
1136 1485 1254 1541 quasi
1283 1485 1395 1525 hono

45 1556 241 1598 luctatori
265 1557 454 1598 bravium
484 1558 584 1598 tanti
607 1559 759 1614 praesul
782 1557 1027 1598 certaminis
1049 1556 1315 1597 redditurus.

107 1625 383 1668 CXXXVIII.
421 1627 577 1683 Accipe
608 1635 649 1668 ot
674 1637 718 1668 tu
745 1626 950 1684 Spiritum
978 1626 1068 1673 Dei,
1096 1633 1140 1666 nt
1161 1625 1233 1665 ista
1258 1623 1401 1665 distin-

53 1710 177 1751 guas,
200 1696 307 1737 sicut
338 1697 498 1753 accepit
521 1706 561 1738 et
586 1697 848 1754 Stephanu53
881 1705 922 1737 et
956 1696 1067 1737 dicas
1091 1695 1199 1736 sicut
1222 1694 1326 1735 dixit
1356 1701 1398 1735 et

46 1765 204 1822 Martyr
229 1767 394 1808 :«Ecce
423 1767 541 1808 video
567 1770 697 1809 coelos
730 1775 920 1823 apertos,
955 1774 997 1807 et
1030 1766 1182 1807 Filium
1214 1764 1398 1806 hominis

47 1843 256 1878 »stantem
286 1838 337 1878 ad
370 1838 584 1879 dexteram
620 1838 739 1879 Dei¹0
757 1837 870 1888 »Qui
897 1838 1023 1878 coelos
1053 1843 1216 1892 apertos
1242 1834 1394 1881 habet,

46 1906 190 1948 Jesum
218 1909 269 1948 ad
293 1909 504 1949 dexteram
529 1909 604 1949 Dei
630 1910 764 1950 cernit
785 1924 794 1950 :
815 1908 884 1964 qui
909 1909 1070 1949 clausos
1097 1907 1242 1947 oculos
1269 1905 1397 1946 habet

46 1977 218 2028 mentis,
253 1977 398 2019 <Iesum
421 1980 470 2019 ad
492 1979 705 2019 dexteram
728 1978 804 2019 Dei
830 1993 913 2018 non
938 1977 1061 2018 videt.
1099 1974 1393 2017 Confiteamur

47 2060 146 2102 ergo
176 2045 322 2087 Jesum
349 2048 401 2088 ad
431 2048 668 2096 dexteram,
709 2055 756 2088 ut
779 2048 933 2089 coetum
957 2055 998 2088 et
1021 2045 1141 2087 nobis
1165 2046 1390 2102 aperiatur.

53 2113 267 2156 claudunt
289 2114 367 2156 sibi
390 2116 543 2158 coelum
558 2148 568 2163 ‚
589 2115 660 2173 qui
687 2116 805 2158 aliter
831 2114 1100 2158 confitentur.

110 2183 352 2227 CXXXIX.
393 2186 521 2236 Quod
548 2186 579 2227 si
615 2185 685 2242 qui
717 2186 926 2242 objiciunt
959 2186 1073 2242 quod
1099 2185 1228 2227 Filius
1246 2185 1398 2233 stabat,

50 2255 271 2296 ostendant
294 2254 374 2297 hoc
398 2256 491 2297 loeo
515 2258 626 2312 quod
647 2256 770 2298 Pater
787 2256 971 2297 sedebat.
999 2255 1104 2296 Nam
1125 2255 1224 2296 licet
1244 2255 1399 2296 Filium

48 2322 230 2365 hominis
253 2332 362 2366 stare
390 2325 564 2374 dixerit,
584 2333 725 2368 tamen
747 2325 827 2367 hoc
849 2325 946 2367 loeo
971 2338 1048 2366 nec
1065 2324 1230 2366 Patrem
1251 2324 1399 2367 sedere

51 2394 408 2437 commemoravit.

110 2463 230 2506 CXL.
270 2465 322 2506 Ut
354 2472 494 2508 autem
530 2466 767 2508 evidentius
804 2468 1133 2522 cognosceretur
1162 2465 1277 2506 nulla
1313 2478 1403 2506 esse

51 2533 194 2575 stantis
218 2533 390 2590 injuria,
421 2536 494 2579 sed
524 2543 731 2594 potestas,
758 2535 915 2580 Filium
944 2532 1182 2591 Stephanus
1205 2533 1402 2576 obsecra-

97 2633 106 2649 1
128 2625 201 2659 Act.
220 2635 277 2666 vn,
297 2626 351 2658 55.
