1768 3283
370 480 564 536 »possitis
587 479 724 520 omnia
754 480 836 521 tela
858 480 1025 536 Maligui
1050 481 1175 537 ignita
1198 482 1440 538 extinguere
1460 514 1470 529 ,
1495 489 1536 523 et
1557 483 1716 538 galeam

369 548 542 590 »salutis
567 548 782 596 assumite,
808 557 849 591 et
873 550 1058 605 gladium
1081 549 1282 606 Spiritus,
1310 552 1423 606 quod
1448 559 1510 593 cst
1532 549 1719 593 Verbum

368 635 385 658 ³>
398 617 473 660 Dei
489 618 519 660 ⁵.
543 637 558 657 n

425 687 594 731 XLVII.
634 688 741 730 Cum
759 689 884 746 igitur
906 688 1033 732 Verbi
1056 690 1215 745 gladius
1243 689 1422 747 Spiritus
1446 699 1616 732 sanctus
1643 690 1717 739 sit,

369 765 411 799 et
428 757 606 814 Spiritus
625 760 756 802 sancti
775 759 935 817 gladius
955 759 1142 803 Verbum
1158 760 1234 804 Dei
1249 761 1323 810 sit3
1343 761 1487 818 utiquc
1506 762 1641 804 unitas
1657 768 1719 804 est

370 828 579 885 potentiae.

367 999 915 1019 Μωῆᾓωωὶἱκὶωδὶἱῃὶ
922 1000 1656 1014 δΊ-Ίωιιὶωωωωὶ-ΜΜᾛἋΜἏ.
1663 1000 1719 1012 §.ss

897 1110 1073 1154 CAPUT
1105 1111 1212 1155 VIII.

378 318 460 374 398
914 333 943 360 s.
985 333 1174 361 AMBROSH

371 410 572 467 scriptum
597 418 660 452 est
684 409 796 451 enim
821 424 830 450 ε
867 427 882 448 «
904 409 1170 467 Accipientes
1197 419 1365 453 scutum
1396 410 1518 459 fidei,
1553 410 1595 452 in
1632 425 1717 468 quo

367 1244 636 1289 Proedc'cloem
658 1241 874 1283 unitatem
895 1256 940 1281 eo
959 1240 1165 1296 probari,
1196 1242 1311 1296 quod
1338 1243 1449 1283 sieut
1475 1243 1624 1291 Pater,
1652 1243 1716 1284 ἱια

425 1315 560 1358 etiam
589 1312 728 1354 Filius
749 1311 1012 1371 *contristari
1029 1326 1080 1351 ac
1101 1312 1265 1352 tentari
1287 1311 1459 1369 legitur.
1486 1313 1718 1355 Tentatum

426 1386 560 1427 etiam
585 1384 626 1425 F
631 1383 758 1424 ilium
775 1382 824 1422 in
845 1381 1009 1422 deserto
1023 1414 1033 1429 ,
1063 1379 1134 1421 ubi
1157 1391 1294 1422 erecta
1315 1383 1403 1438 fait
1424 1383 1473 1423 in
1494 1397 1610 1424 ceneo
1630 1397 1718 1423 ser-

421 1463 550 1512 pente
584 1452 730 1510 figura
771 1452 912 1492 crucis
947 1467 960 1492 .·
993 1451 1066 1493 sed
1104 1451 1320 1505 Spiritum
1355 1467 1520 1509 quoque
1555 1452 1719 1493 ibidem

426 1533 642 1566 tentatum
664 1522 755 1563 dici
780 1521 835 1562 ab
863 1521 1077 1577 Apostolo.
1105 1521 1224 1564 Hinc
1245 1521 1474 1564 Israe'litas
1496 1522 1549 1564 ab
1572 1523 1719 1564 eodem

422 1594 598 1651 Spiritu
617 1593 799 1634 directos
819 1592 869 1632 in
898 1591 1081 1633 Terram
1097 1593 1371 1647 promissam,
1388 1593 1558 1650 ipsique
1578 1607 1718 1634 unam

424 1679 509 1706 esse
530 1677 631 1704 cum
654 1663 786 1704 Patre
802 1671 841 1704 ct
863 1662 985 1705 Filio
1002 1661 1275 1705 voluntatem
1299 1678 1350 1704 ασ
1365 1663 1606 1721 potentiam
1629 1663 1717 1706 col-

424 1734 525 1791 tigit
539 1732 817 1775 Ambrosius.
1448 1725 1451 1729 ’

421 1883 610 1927 XLVIII.
650 1883 776 1934 QUAM
793 1883 996 1926 unitatem
1024 1884 1123 1927 licet
1145 1885 1271 1927 etiam
1294 1885 1380 1927 aliis
1400 1885 1715 1943 Scripturarum
1759 1877 1765 1942 Ι

364 1954 466 1997 locis
490 1952 771 1995 considerare.
803 1954 908 1997 Nam
940 1969 1037 1996 cum
1069 1955 1180 1998 dicat
1214 1955 1412 1998 Ezechiel
1439 1957 1490 1998 ad
1511 1956 1715 2013 populum

363 2026 603 2067 Judaeorum
619 2039 628 2065 :
646 2041 662 2062 α
681 2024 733 2066 Et
755 2025 1029 2067 contristastis
1047 2026 1173 2067 mein
1194 2026 1388 2068 omnibus
1407 2026 1493 2075 his,
1514 2026 1615 2068 dicit
1636 2025 1716 2068 Do-

366 2083 584 2144 »minus²;
607 2115 622 2134 »
657 2096 811 2137 Paulus
842 2111 949 2138 novo
981 2098 1137 2154 populo
1173 2097 1214 2138 in
1246 2097 1431 2154 Epistola
1462 2113 1536 2139 sua
1574 2097 1677 2139 dicit
1703 2112 1712 2138 :
1759 2057 1765 2151 i

376 2186 391 2207 α
408 2167 549 2211 Nolite
572 2165 819 2208 contristare
837 2166 1040 2223 Spiritum
1064 2175 1255 2208 sanctum
1278 2167 1377 2216 Dei,
1399 2167 1440 2208 in
1464 2182 1547 2224 quo
1567 2167 1714 2225 signati

364 2257 381 2279 n
394 2236 532 2280 estis³.
550 2257 564 2276 ι)
578 2237 737 2280 Rursus
750 2252 847 2279 cum
859 2237 998 2279 Esaias
1009 2238 1121 2279 dicat
1139 2239 1189 2279 de
1203 2237 1299 2295 ipsis
1311 2237 1467 2280 Judaeis
1486 2253 1495 2279 :
1515 2256 1530 2276 «
1548 2238 1630 2296 Ipsi
1645 2253 1714 2280 au-

363 2328 380 2351 »
395 2318 479 2352 tem
495 2323 577 2350 non
600 2307 885 2356 crediderunt,
902 2310 973 2350 sed
990 2309 1347 2350 exacerbaverunt
1362 2309 1564 2366 Spiritum
1589 2324 1712 2351 sanc-

364 2400 380 2422 »
395 2379 509 2423 tum⁶
527 2395 537 2427 ;
558 2396 572 2417 1>
586 2377 720 2420 David
740 2379 791 2419 de
808 2378 896 2420 Deo
920 2379 941 2419 d
955 2379 1026 2420 icit
1046 2394 1054 2419 ε
1078 2379 1157 2421 «Et
1171 2379 1529 2421 exacerbaverunt
1544 2379 1709 2422 Altissi-

359 2471 376 2492 ι)
389 2448 557 2494 mumin
577 2447 779 2496 siccitate,
798 2449 1260 2490 ettentaveruntDeum
1279 2448 1321 2489 in
1335 2449 1532 2490 cordibus
1543 2449 1660 2491 suis⁵.
1684 2469 1699 2488 n

413 2518 566 2564 XLIX.
602 2518 760 2575 Accipe
781 2518 906 2560 etiam
939 2518 1034 2575 quia
1067 2533 1164 2561 cum
1192 2518 1289 2560 alibi
1318 2519 1466 2560 dixerit
1484 2518 1701 2577 Scriptura
1759 2492 1764 2585 i

394 2609 406 2633 ¹
424 2608 544 2651 Ephes.
563 2618 608 2647 vi,
630 2608 679 2646 16,
699 2617 751 2649 17.
770 2625 810 2631 -—
829 2615 841 2629 ¹
862 2608 979 2640 Ezerh.
1006 2620 1076 2648 xm,
1097 2608 1151 2647 45.
1177 2627 1216 2633 -
1234 2610 1248 2633 3
1267 2608 1388 2652 Ephes.
1405 2619 1448 2648 ιν,
1464 2609 1517 2642 50.
1537 2627 1577 2634 -
1594 2608 1700 2643 ⁴Isa'1‘.
1759 2589 1763 2615 i

335 2675 425 2702 mm,
444 2673 491 2697 ιο.
516 2680 555 2686 -
575 2661 586 2682 ⁵
607 2662 689 2695 Psal.
710 2673 832 2702 nxxvu,
852 2672 904 2705 17,
923 2663 973 2696 18.
