1768 3283
8 222 17 305 Ιι
376 268 428 309 ]’)Ε
462 280 621 308 SPIRITU
656 279 832 314 smero,
868 280 946 308 Lm.
988 282 1032 310 11.
1314 271 1397 316 363

12 377 16 432 l
49 362 336 420 responderat,
364 361 620 416 loquebatur
648 376 657 401 :
682 359 885 417 Spiritum
917 369 1058 403 autem
1084 365 1312 408 ostendunt
1339 382 1403 408 se-

11 438 14 497 }
50 433 220 490 quentia
253 433 536 479 declaratum3
568 432 661 487 quia
687 432 773 488 ipse
801 431 872 488 qui
897 433 1146 488 mysterium
1174 434 1400 492 figurabat,

10 504 13 564 ζ
50 503 296 561 mysterium
315 503 538 544 revelabat.

8 566 13 639 1
110 574 192 617 CV.
216 573 350 614 Simul
374 573 475 614 illud
499 574 668 614 adverte
685 572 780 629 quia
800 574 922 615 tertio
943 575 1119 631 repetita
1141 575 1272 632 figura
1292 591 1404 634 mys-

0 646 11 721 Ι)
51 643 142 686 terii
170 644 456 700 operationem
489 644 705 685 Trinitatis
733 644 947 700 expressit.
975 645 1026 686 Et
1059 645 1153 688 ideo
1183 646 1224 688 in
1252 655 1407 704 myste-

6 736 10 756 η
49 715 120 756 riis
144 713 415 770 interrogatio
439 713 546 753 trina
575 713 778 761 defertur,
802 722 843 755 et
868 713 1136 757 confirmatio
1163 716 1271 758 trina
1295 717 1409 758 cele-

5 776 10 881 ῑ
52 784 221 826 bratur:
238 798 314 825 nec
332 783 663 839 potestquisnisi
685 783 789 824 trina
804 783 1063 826 confessione
1076 786 1259 843 pnrgari.
1284 787 1405 828 Unde

0 846 7 976 ὓ
52 862 93 895 et
114 854 201 910 ipse
216 853 362 894 Petrus
387 852 427 893 in
450 852 677 908 Evangelio
700 853 824 895 tertio
848 854 1145 910 interrogatur,
1171 863 1313 896 utrum
1341 855 1405 897 di-

50 925 150 981 ligat
177 923 457 970 Dominum¹3
489 932 533 964 ut
565 923 671 964 trina
698 925 968 981 responsione
990 925 1176 973 vincula,
1205 941 1296 981 quae
1325 925 1407 967 Do-

22 994 213 1036 'minum
247 993 438 1049 negando
471 1001 759 1042 contraxerat,
794 999 835 1037 et
867 995 1019 1051 quibus
1052 1012 1094 1038 se
1127 997 1214 1054 ipse
1239 996 1402 1053 ligavit,

53 1065 380 1107 absolverentur.

0 1054 4 1074 V

0 1077 4 1162 i
112 1134 215 1176 CVI.
255 1135 362 1176 Tum
386 1133 537 1175 deinde
560 1133 654 1189 quia
672 1133 723 1175 ad
740 1134 980 1176 Cornelium
1003 1133 1187 1191 Angelus
1206 1135 1404 1184 mittitur,

0 1166 3 1289 Ι
51 1205 221 1247 Petrum
246 1204 426 1262 Spiritus
444 1212 614 1246 sanctus
633 1203 885 1259 alloquitur²
909 1218 919 1245 ι
937 1204 1089 1246 «Oculi
1107 1205 1218 1247 enim
1237 1205 1407 1247 Domini

0 1293 1 1338 ᾗ
53 1290 208 1331 »super
231 1273 375 1316 fideles
399 1282 519 1316 terrae
536 1273 564 1315 ³.
589 1273 703 1315 »Nec
727 1273 828 1314 illud
857 1274 1035 1315 otiosum
1053 1309 1062 1323 ,
1093 1277 1206 1331 quod
1238 1290 1335 1317 cum
1364 1275 1407 1317 in

53 1345 340 1402 superioribus
366 1344 634 1402 praemisisset
656 1359 696 1385 :a
716 1345 841 1395 Quod
872 1345 983 1387 Deus
1011 1346 1257 1395 mundavit,
1285 1355 1331 1388 tu
1353 1361 1406 1388 ne

54 1429 310 1456 »commune
344 1413 547 1462 dixeris⁶3
579 1414 755 1455 »subito
788 1414 945 1456 decidit
974 1430 1099 1472 super
1129 1415 1328 1471 gentiles,
1361 1423 1408 1457 ut

56 1487 280 1527 mundaret
309 1500 380 1526 eos
414 1484 592 1541 Spiritus
625 1494 819 1532 sanctus;
847 1486 958 1526 unde
987 1485 1224 1526 ostenditur
1255 1499 1406 1542 opera-

57 1556 212 1598 tionem
240 1555 419 1612 Spiritus
443 1555 730 1611 operationem
753 1570 841 1597 esse
872 1555 1069 1597 divinam.
1095 1556 1242 1597 Petrus
1268 1563 1408 1596 autem

55 1625 204 1667 missus
233 1625 283 1667 ab
313 1624 495 1682 Spiritu,
520 1639 603 1665 non
627 1625 862 1681 expectavit
894 1625 1117 1681 imperium
1150 1625 1226 1666 Dei
1255 1625 1405 1674 Patris,

57 1696 130 1738 sed
150 1696 278 1753 ipsius
305 1710 473 1752 quoque
499 1695 677 1751 Spiritus
708 1696 808 1736 illud
835 1704 897 1737 est
926 1696 1139 1737 consessus
1171 1697 1406 1743 oraculum,

57 1766 185 1823 ipsius
217 1763 395 1822 Spiritus
422 1765 595 1822 gratiam
619 1780 708 1805 esse
731 1773 905 1806 testatus
928 1773 990 1807 est
1020 1765 1162 1806 dicens
1182 1781 1190 1806 ε
1208 1783 1222 1804 α
1243 1765 1285 1806 Si
1309 1780 1408 1821 ergo

57 1855 72 1875 »
86 1835 277 1877 eamdem
301 1835 476 1892 gratiam
496 1835 575 1876 illis
591 1835 800 1876 concessit
818 1836 948 1883 Deus,
968 1835 1076 1878 sicut
1099 1844 1139 1877 et
1161 1836 1308 1885 nobis3
1334 1851 1411 1893 ego

57 1925 72 1945 »
86 1906 179 1963 quis
197 1920 329 1954 eram,
349 1906 419 1962 qui
436 1905 707 1963 prohiberem
726 1906 884 1948 Denm⁵
903 1906 920 1948 P
938 1925 953 1945 »

118 1976 243 2019 CVII.
282 1976 461 2033 Spiritus
485 1992 583 2034 ergo
607 1985 776 2019 sanctus
799 1986 883 2026 est,
909 1977 980 2034 qui
1003 1992 1079 2019 nos
1102 1977 1151 2019 ab
1173 1977 1242 2020 illa
1268 1976 1413 2034 gentili

59 2048 296 2089 colluvione
325 2048 556 2090 mundavit.
594 2049 638 2089 In
673 2049 751 2089 iltis
775 2048 887 2089 enim
918 2049 1141 2105 generibus
1172 2050 1414 2105 quadrupe-

61 2117 179 2166 dum,
209 2126 250 2159 et
274 2118 456 2159 serarum
479 2127 521 2159 et
544 2119 760 2159 volucrum
788 2117 919 2175 figura
943 2127 1033 2159 erat
1057 2118 1309 2159 conditionis
1338 2117 1413 2158 hu-

60 2204 209 2237 manae,
234 2204 324 2245 quae
348 2189 531 2230 ferarum
555 2190 681 2230 modo
705 2190 922 2230 bestialem
946 2189 1109 2231 videtur
1132 2189 1277 2230 induta
1301 2188 1414 2230 saevi-

62 2259 162 2316 tiam
178 2291 189 2308 ,
224 2260 301 2301 nisi
333 2259 512 2317 Spiritus
555 2258 887 2301 sanctificatione
927 2260 1129 2300 mitescat.
1170 2259 1286 2300 Bona
1315 2273 1413 2315 ergo

36 2336 43 2341 ²
62 2328 207 2385 gratia,
229 2344 320 2385 quae
339 2328 512 2370 ferinam
529 2330 685 2370 rabiem
710 2329 913 2386 spirituali
938 2328 1205 2385 simplicitate
1229 2342 1417 2368 commu-

66 2406 122 2440 tat
145 2413 188 2439 :«
203 2399 379 2440 Eramus
396 2400 507 2440 enim
525 2408 566 2441 et
585 2415 659 2440 nos
680 2400 901 2455 aliquando
918 2399 1176 2454 insipienteS,
1191 2397 1412 2446 increduli,

65 2486 79 2506 »
95 2477 299 2517 errantes,
315 2469 541 2511 servientes
558 2470 773 2511 desideriis
788 2479 830 2511 et
842 2469 1126 2525 voluptatibus
1143 2467 1264 2508 variis
1280 2482 1289 2507 ε
1304 2481 1418 2508 nunc

112 2577 121 2591 ¹
143 2569 240 2600 Joan.
257 2579 324 2610 xxi,
345 2571 393 2601 15.
413 2588 453 2594 —-
472 2580 484 2595 ¹
506 2570 578 2603 Act.
596 2582 629 2609 x,
645 2571 674 2603 5.
694 2589 731 2595 —
753 2572 766 2594 ³
786 2570 866 2602 Psal.
882 2580 911 2611 c,
928 2570 958 2601 6.
978 2571 1045 2597 —4
1067 2569 1138 2602 Act.
1155 2579 1187 2607 x,
1206 2569 1253 2599 15.
1273 2585 1313 2592 —
1330 2566 1416 2600 ⁵1d.

68 2634 112 2661 M,
134 2633 181 2663 ¹7·
