1768 3283
370 348 454 395 518
979 377 1114 404 innax.

415 446 563 494 Denique
580 456 706 495 quando
724 457 828 491 sutura
845 460 885 493 sit
901 460 1010 493 eadem
1031 462 1082 493 illa
1105 458 1225 492 Christi
1243 459 1399 502 subjectio
1411 485 1421 497 ‚
1441 459 1626 503 explicatur.

370 497 488 534 CAPUT
512 506 588 540 XV.
621 511 772 554 Superius
786 514 942 557 disputata
959 516 1093 548 strictim
1121 516 1272 553 resumit,
1299 526 1335 547 0¹
1363 514 1486 548 unitate
1514 514 1630 546 divmffi

416 561 582 596 potestatis
599 563 630 594 in
647 565 740 599 Patre
756 574 787 600 et
799 569 881 601 Filio
894 580 1100 613 quaecumque
1113 570 1152 601 de
1171 568 1242 600 Filii
1257 568 1453 610 subjectione
1469 567 1631 605 dicuntur,

418 609 457 640 ad
471 613 568 645 solam
584 618 751 652 reserenda
769 622 999 657 humanitatem
1016 625 1092 657 scite
1112 624 1261 665 colligens
1277 635 1285 653 .·
1304 623 1389 665 quod
1415 628 1567 665 praeterea
1589 632 1627 654 ex

414 664 570 701 charitate
586 696 593 707 ,
608 683 679 715 quae
695 676 807 709 eadem
825 679 988 722 utriusque
1000 686 1066 718 est,
1080 679 1258 712 confirmat.

371 714 483 750 enar
507 722 601 757 XVI.
629 728 780 763 Arrianus
794 742 809 762 a
824 732 946 775 Spiritu
962 739 1071 766 sancto
1081 734 1247 777 perDavid
1263 732 1627 775 condemnatos,quippe

413 773 467 813 ‘lui
482 776 624 812 scientiae
637 782 755 817 Christi
772 785 925 828 derogare
939 788 1088 821 audeant.
1109 789 1226 821 Locum
1242 788 1281 821 ab
1295 789 1356 821 illis
1369 789 1408 820 ad
1422 789 1482 821 hoc
1498 788 1628 820 citatum

415 829 594 869 suspicione
607 839 820 879 corruptionis
837 840 968 873 minime
981 852 1105 877 carere;
1118 843 1173 875 sed
1187 848 1222 876 ut
1239 844 1373 874 maxime
1388 847 1505 880 careat,
1522 840 1633 874 distin-

415 883 571 919 guendam
599 898 665 921 esse
691 901 799 925 vocem
816 894 943 931 Filius,-
971 896 1100 929 Christo
1116 897 1201 928 enim
1217 903 1251 929 ut
1275 897 1333 929 Dei
1362 897 1445 929 Filio
1471 896 1634 928 scientiam

418 933 526 969 deesse
546 938 713 984 non'posse
724 970 731 982 ‚
749 958 819 979 cum
835 949 877 981 sit
893 950 1046 991 sapientia
1062 962 1069 981 :
1087 961 1145 981 nec
1167 958 1266 992 partis
1281 951 1375 983 ullius
1393 950 1606 993 cognitionem
1621 970 1632 985 ,

417 999 487 1021 cum
504 995 610 1027 omnia
627 1000 754 1032 crearit.
783 1001 864 1033 Eum
887 1004 940 1044 qui
957 1004 1068 1034 saecula
1085 1004 1214 1041 fecerit,
1233 1005 1374 1037 futurum
1388 1015 1452 1037 non
1469 1013 1559 1047 posse
1572 1011 1636 1034 non

417 1056 605 1087 cognoscere
619 1072 628 1087 ‚
653 1057 685 1084 et
704 1054 804 1086 multo
825 1054 928 1086 minus
951 1055 1034 1086 diem
1050 1055 1172 1097 judicii.
1191 1055 1266 1088 Sive
1284 1057 1361 1098 quid
1388 1067 1534 1098 magnum
1549 1055 1589 1088 sit
1603 1063 1639 1087 ea

415 1101 555 1139 cognitio
567 1127 575 1138 ‚
595 1104 660 1136 sive
677 1107 753 1148 quid
777 1118 910 1150 parvum
925 1130 935 1147 ,
955 1119 1024 1140 eam
1039 1108 1122 1140 Filio
1139 1120 1204 1141 non
1222 1111 1423 1149 negandam3
1452 1110 1516 1141 imo
1532 1118 1636 1151 neque

416 1152 511 1185 etiam
536 1156 670 1199 Spiritui
685 1166 805 1194 sancto.
819 1162 957 1194 Demum
970 1162 1018 1195 his
1029 1162 1214 1195 additvaria
1226 1163 1325 1204 signa,
1337 1163 1453 1206 quibus
1467 1163 1535 1195 haec
1543 1162 1639 1194 scien-

415 1206 459 1239 tia
475 1209 576 1242 inesse
588 1212 719 1246 Christo
727 1215 831 1257 colligi
845 1221 958 1257 potest·

373 1257 483 1292 Cnur
506 1263 619 1297 xvn.
646 1266 742 1305 Quod
771 1268 918 1301 Christus
946 1268 1029 1301 diem
1043 1269 1153 1310 judicii
1178 1270 1320 1302 revelare
1338 1269 1497 1305 noluerit,
1520 1270 1551 1300 in
1577 1267 1638 1300 hoc

417 1321 535 1349 nostrae
550 1319 682 1352 utilitati
696 1323 875 1354 consultum
892 1333 969 1354 esse.
991 1323 1075 1355 Illud
1096 1324 1155 1355 alia
1172 1324 1300 1356 Domini
1316 1323 1474 1356 sententia
1493 1322 1640 1355 declara-

413 1373 487 1406 turz
503 1382 562 1404 nec
578 1384 641 1405 non
659 1380 692 1407 et
708 1375 796 1407 Pauli
814 1377 884 1408 loco
902 1377 995 1419 plane
1017 1377 1124 1408 simili.
1139 1377 1337 1419 Urgentibus
1350 1389 1426 1409 vero
1442 1388 1498 1409 cur
1514 1377 1556 1409 ita
1571 1385 1639 1407 res·

412 1424 562 1464 ponderit
580 1427 750 1470 Discipulis
766 1439 802 1462 ac
814 1430 837 1462 si
852 1432 1018 1466 nescisset,
1042 1430 1094 1462 alii
1108 1431 1168 1462 loci
1188 1430 1302 1473 quibus
1314 1430 1402 1464 Patri
1417 1430 1526 1466 eadem
1540 1427 1638 1461 tribui

415 1476 542 1511 videtur
556 1480 955 1526 ignoratio,opponuntur
971 1495 978 1515 ε
994 1495 1030 1516 ex
1050 1484 1166 1526 quibus
1188 1484 1212 1515 si
1238 1484 1452 1525 ignorantiam
1475 1483 1637 1524 impoten-

418 1531 535 1565 tiamve
551 1534 583 1566 in
603 1535 698 1568 Patre
713 1537 757 1568 illi
775 1538 967 1577 admittant,
983 1538 1059 1570 binc
1077 1538 1108 1570 in
1126 1538 1210 1570 Filio
1223 1538 1366 1572 eamdem
1390 1547 1462 1580 quoe
1486 1537 1518 1568 iu
1543 1537 1638 1570 Patre

417 1585 627 1619 substantiam
649 1589 879 1623 admittendam
901 1602 967 1624 esse
987 1597 1098 1624 contra
1114 1591 1198 1634 ipsos
1213 1592 1316 1632 arguit
1335 1591 1548 1627 Ambrosius;
1576 1589 1641 1622 nini

1653 457 1713 497 ²4²

1652 675 1712 718 247

1662 1213 1722 1244 250

420 1645 525 1674 tamen
540 1643 654 1675 malint
667 1644 823 1677 mendacii
840 1656 985 1678 accusare
1010 1646 1126 1678 Filium
1143 1657 1152 1682 ς
1180 1656 1251 1678 cum
1267 1655 1372 1688 neque
1385 1646 1418 1676 in
1433 1644 1519 1676 hunc
1535 1653 1640 1686 neque
1668 1667 1670 1669 >

418 1694 451 1727 in
465 1695 592 1728 Patrem
606 1697 698 1730 cadat
713 1698 823 1731 fallere
833 1723 842 1736 ,
853 1699 908 1731 sed
922 1700 1106 1732 memoratis
1120 1700 1195 1731 locis
1206 1699 1368 1741 utriusque
1383 1698 1486 1731 unitas
1498 1697 1641 1739 designe-

418 1752 484 1779 tur.

377 1800 425 1832 CA
433 1812 488 1832 rur
511 1802 646 1835 XVIII.
669 1803 834 1836 Dominici
866 1804 905 1836 ad
935 1805 1105 1846 Apostolos
1132 1805 1276 1848 responsi
1310 1816 1438 1838 causam
1465 1805 1637 1842 allaturus,

418 1854 524 1896 prima
543 1855 623 1887 illud
638 1856 844 1898 indulgentiae
857 1858 976 1891 Christi
996 1865 1161 1901 acceptum
1184 1859 1302 1898 refert,
1321 1870 1393 1892 mox
1408 1859 1469 1891 alia
1487 1870 1640 1902 quorum-

422 1907 493 1940 dam
508 1909 630 1941 ratione
643 1910 808 1953 proposita
821 1934 831 1950 ‚
848 1922 1029 1952 germanam
1046 1912 1130 1944 banc
1145 1923 1211 1945 esse
1227 1913 1398 1956 profitetur
1410 1937 1417 1949 ,
1445 1912 1532 1955 quod
1554 1912 1640 1944 idem

423 1961 580 1994 Dominus
594 1973 631 1995 ex
646 1964 787 1997 humano
802 1966 919 1998 affectu
945 1966 1067 2000 locutus
1092 1967 1200 1999 suerit.
1224 1967 1306 1999 lnde
1330 1967 1451 2008 colligit
1477 1965 1640 1998 scientiam

420 2014 523 2047 Patris
541 2026 577 2047 ac
596 2017 669 2048 Filii
687 2018 841 2061 aequalem
855 2030 939 2055 esse:
954 2025 1049 2062 atque
1060 2021 1142 2052 adeo
1156 2032 1219 2052 non
1234 2021 1390 2052 minorem
1403 2021 1498 2052 Patre
1510 2020 1638 2051 Filium.

420 2068 532 2101 Postea
548 2069 601 2101 ubi
620 2072 721 2103 textui
742 2082 805 2114 quo
820 2072 939 2106 dicitur
954 2074 1070 2109 minor,
1082 2074 1177 2105 alium
1196 2085 1259 2116 quo
1271 2074 1401 2116 aequalis
1418 2073 1567 2111 traditur,
1582 2082 1638 2114 op·

419 2121 542 2161 posuit:
559 2123 768 2156 Arrianorum
783 2125 821 2157 de
832 2125 1134 2168 Filiojudicantium
1148 2127 1361 2160 temeritatem
1374 2126 1517 2168 castigat,
1529 2135 1639 2158 etcum

418 2174 502 2206 illum
514 2176 611 2219 impie
628 2177 782 2210 minorem
798 2184 997 2217 astruerent.
1025 2181 1126 2224 ipsum
1154 2181 1206 2223 pie
1223 2180 1361 2223 lapidem
1377 2180 1433 2211 abs
1458 2190 1489 2211 se
1512 2179 1574 2211 dici
1589 2189 1639 2210 os-

415 2229 531 2262 tendit.

375 2279 485 2314 cnm
508 2284 610 2317 XIX.
633 2285 815 2319 Conversus
828 2287 867 2319 ad
884 2288 988 2320 Deum
1005 2289 1136 2320 Patrem
1158 2288 1217 2320 Vir
1236 2293 1362 2320 sanctus
1375 2311 1382 2322 .
1396 2297 1452 2321 rur
1469 2286 1585 2318 Filium
1602 2296 1639 2318 eo

416 2337 575 2369 minorem
587 2349 651 2370 non
667 2345 800 2378 statuat,
817 2341 949 2381 exponit
970 2353 977 2370 ε
997 2347 1062 2372 tum
1082 2342 1193 2373 asserit
1209 2352 1300 2372 suum
1318 2351 1380 2372 non
1395 2351 1461 2375 esse
1475 2345 1509 2371 ut
1526 2339 1639 2371 metia-

419 2396 472 2422 tur
490 2390 548 2423 Dei
567 2392 705 2431 Filium3
720 2404 790 2425 cum
803 2394 926 2434 Angelo
938 2395 1042 2426 metiri
1057 2400 1180 2426 tantum
1196 2395 1374 2426 Jerusalem
1399 2394 1507 2425 datum
1533 2393 1638 2428 suerit.

416 2443 482 2475 imo
497 2449 528 2476 et
545 2444 627 2477 sorte
638 2446 768 2478 Christo
783 2470 792 2483 ‚
807 2452 842 2479 ut
854 2447 974 2479 homini
991 2459 998 2479 :
1017 2448 1070 2479 sed
1098 2448 1227 2479 Arrium
1245 2447 1374 2480 Satanae
1397 2447 1588 2479 imitatorem
1606 2457 1639 2477 se

416 2497 602 2538 praebuisse.
616 2499 754 2532 Temere
766 2499 862 2541 igitur
879 2500 917 2532 de
931 2500 1038 2532 divina
1055 2501 1261 2542 generatione
1284 2500 1440 2544 disputari
1453 2511 1461 2537 ;
1476 2510 1548 2531 cum
1565 2504 1637 2530 tan-

416 2555 482 2582 tum
500 2551 646 2585 humanae
659 2555 782 2596 signum
799 2565 856 2597 per
876 2554 991 2587 lsaiam
1006 2555 1044 2588 sit
1058 2556 1277 2597 propositum3
1301 2564 1359 2587 nec
1372 2553 1489 2586 debeat
1505 2563 1639 2596 compa-

418 2603 501 2633 ratio
515 2603 581 2635 fieri
599 2605 630 2636 in
645 2606 773 2639 divinis.
784 2606 950 2640 Postremo
964 2614 1119 2650 quantum
1130 2607 1281 2650 fugienda
1293 2607 1332 2640 sit
1345 2606 1431 2639 Arrii
1441 2606 1637 2648 arrogantia,

414 2655 572 2688 variorum
591 2657 765 2701 Scripturae
781 2660 998 2702 exemplorum
1016 2661 1216 2704 oppositione
1231 2661 1439 2693 demonstrat.

1665 1751 1724 1782 256

1664 2233 1724 2264 260

1662 2658 1720 2696 264

1759 529 1765 637 „.-.-.--
1758 432 1766 519 —ss-u

1761 2226 1768 2766 ψς-,Ἣ-
1762 2198 1766 2219 .-
1763 2158 1768 2190 -.-
1762 2137 1766 2151 -

1760 3096 1768 3283 -ῌνψῄ,
1760 2813 1766 3084 -Ϋ..“ῳ.,,«,.-ῌ-.
1760 2777 1766 2804 ,Α-
