<?xml version="1.0" encoding="UTF-8"?>
<!DOCTYPE html PUBLIC "-//W3C//DTD XHTML 1.0 Transitional//EN"
    "http://www.w3.org/TR/xhtml1/DTD/xhtml1-transitional.dtd">
<html xmlns="http://www.w3.org/1999/xhtml" xml:lang="en" lang="en">
 <head>
  <title>
</title>
<meta http-equiv="Content-Type" content="text/html;charset=utf-8" />
  <meta name='ocr-system' content='tesseract 3.04.00' />
  <meta name='ocr-capabilities' content='ocr_page ocr_carea ocr_par ocr_line ocrx_word'/>
</head>
<body>
  <div class='ocr_page' id='page_1' title='image "./omniaequaeextant06ambruoft_0107.png"; bbox 0 0 1806 3256; ppageno 0'>
   <div class='ocr_carea' id='block_1_1' title="bbox 476 263 1369 317">
    <p class='ocr_par' dir='ltr' id='par_1_1' title="bbox 476 263 1369 317">
     <span class='ocr_line' id='line_1_1' title="bbox 476 263 1369 317; baseline -0.003 -19"><span class='ocrx_word' id='word_1_1' title='bbox 476 270 529 301; x_wconf 71' lang='lat' dir='ltr'>ms</span> <span class='ocrx_word' id='word_1_2' title='bbox 560 271 670 307; x_wconf 67' lang='lat' dir='ltr'>runs,</span> <span class='ocrx_word' id='word_1_3' title='bbox 707 272 785 299; x_wconf 78' lang='lat' dir='ltr'>mn.</span> <span class='ocrx_word' id='word_1_4' title='bbox 826 270 886 299; x_wconf 87' lang='lat'>111.</span> <span class='ocrx_word' id='word_1_5' title='bbox 1315 263 1369 317; x_wconf 81' lang='lat'>95</span> 
     </span>
    </p>
   </div>
   <div class='ocr_carea' id='block_1_2' title="bbox 0 347 1391 2440">
    <p class='ocr_par' dir='ltr' id='par_1_2' title="bbox 23 347 1375 687">
     <span class='ocr_line' id='line_1_2' title="bbox 23 347 1371 408; baseline 0.001 -15"><span class='ocrx_word' id='word_1_6' title='bbox 23 357 166 402; x_wconf 74' lang='lat' dir='ltr'>contra</span> <span class='ocrx_word' id='word_1_7' title='bbox 183 347 344 393; x_wconf 88' lang='lat' dir='ltr'>licitum</span> <span class='ocrx_word' id='word_1_8' title='bbox 365 359 485 407; x_wconf 85' lang='lat' dir='ltr'>putat</span> <span class='ocrx_word' id='word_1_9' title='bbox 502 351 686 392; x_wconf 86' lang='lat' dir='ltr'>colorem</span> <span class='ocrx_word' id='word_1_10' title='bbox 703 348 996 407; x_wconf 77' lang='lat' dir='ltr'>disputationis</span> <span class='ocrx_word' id='word_1_11' title='bbox 1010 348 1220 405; x_wconf 86' lang='lat' dir='ltr'>ejusmodi</span> <span class='ocrx_word' id='word_1_12' title='bbox 1240 366 1260 393; x_wconf 85' lang='lat' dir='ltr'>a</span> <span class='ocrx_word' id='word_1_13' title='bbox 1276 356 1371 408; x_wconf 82' lang='lat' dir='ltr'>poe&#39;-</span> 
     </span>
     <span class='ocr_line' id='line_1_3' title="bbox 23 418 1374 479; baseline -0.001 -15"><span class='ocrx_word' id='word_1_14' title='bbox 23 419 114 465; x_wconf 81' lang='lat' dir='ltr'>ticis</span> <span class='ocrx_word' id='word_1_15' title='bbox 135 421 286 463; x_wconf 82' lang='lat' dir='ltr'>fabulis</span> <span class='ocrx_word' id='word_1_16' title='bbox 308 421 543 463; x_wconf 86' lang='lat' dir='ltr'>derivatum</span> <span class='ocrx_word' id='word_1_17' title='bbox 560 452 572 470; x_wconf 89' lang='lat'><strong>,</strong></span> <span class='ocrx_word' id='word_1_18' title='bbox 597 429 754 463; x_wconf 87' lang='lat' dir='ltr'>etcum</span> <span class='ocrx_word' id='word_1_19' title='bbox 778 421 819 462; x_wconf 92' lang='lat' dir='ltr'>in</span> <span class='ocrx_word' id='word_1_20' title='bbox 844 418 927 461; x_wconf 84' lang='lat' dir='ltr'>fide</span> <span class='ocrx_word' id='word_1_21' title='bbox 952 419 1058 462; x_wconf 88' lang='lat' dir='ltr'>nihil</span> <span class='ocrx_word' id='word_1_22' title='bbox 1079 422 1192 477; x_wconf 90' lang='lat' dir='ltr'>quod</span> <span class='ocrx_word' id='word_1_23' title='bbox 1210 422 1374 479; x_wconf 82' lang='lat' dir='ltr'>vitupe-</span> 
     </span>
     <span class='ocr_line' id='line_1_4' title="bbox 23 490 1375 548; baseline -0.001 -15"><span class='ocrx_word' id='word_1_24' title='bbox 23 506 114 534; x_wconf 87' lang='lat' dir='ltr'>rare</span> <span class='ocrx_word' id='word_1_25' title='bbox 144 491 274 548; x_wconf 86' lang='lat' dir='ltr'>possit</span> <span class='ocrx_word' id='word_1_26' title='bbox 305 491 512 533; x_wconf 84' lang='lat' dir='ltr'>invenerit</span> <span class='ocrx_word' id='word_1_27' title='bbox 539 523 550 540; x_wconf 85' lang='lat'><strong>,</strong></span> <span class='ocrx_word' id='word_1_28' title='bbox 586 491 742 548; x_wconf 83' lang='lat' dir='ltr'>aliquid</span> <span class='ocrx_word' id='word_1_29' title='bbox 775 491 816 532; x_wconf 89' lang='lat' dir='ltr'>in</span> <span class='ocrx_word' id='word_1_30' title='bbox 853 505 1048 532; x_wconf 80' lang='lat' dir='ltr'>sermone</span> <span class='ocrx_word' id='word_1_31' title='bbox 1075 490 1375 548; x_wconf 70' lang='lat' dir='ltr'>reprehendit5</span> 
     </span>
     <span class='ocr_line' id='line_1_5' title="bbox 25 560 1374 619; baseline -0.001 -15"><span class='ocrx_word' id='word_1_32' title='bbox 25 569 220 619; x_wconf 79' lang='lat' dir='ltr'>agnoscat</span> <span class='ocrx_word' id='word_1_33' title='bbox 242 576 324 603; x_wconf 92' lang='lat' dir='ltr'>non</span> <span class='ocrx_word' id='word_1_34' title='bbox 347 563 483 603; x_wconf 82' lang='lat' dir='ltr'>solum</span> <span class='ocrx_word' id='word_1_35' title='bbox 503 561 729 603; x_wconf 82' lang='lat' dir='ltr'>sententias</span> <span class='ocrx_word' id='word_1_36' title='bbox 748 593 757 609; x_wconf 89' lang='lat'>,</span> <span class='ocrx_word' id='word_1_37' title='bbox 782 561 856 602; x_wconf 89' lang='lat' dir='ltr'>sed</span> <span class='ocrx_word' id='word_1_38' title='bbox 878 560 1005 602; x_wconf 82' lang='lat' dir='ltr'>etiam</span> <span class='ocrx_word' id='word_1_39' title='bbox 1028 561 1257 603; x_wconf 84' lang='lat' dir='ltr'>versiculos</span> <span class='ocrx_word' id='word_1_40' title='bbox 1275 565 1374 618; x_wconf 76' lang='lat' dir='ltr'>poe&#39;-</span> 
     </span>
     <span class='ocr_line' id='line_1_6' title="bbox 25 630 907 687; baseline -0.002 -14"><span class='ocrx_word' id='word_1_41' title='bbox 25 639 161 673; x_wconf 82' lang='lat' dir='ltr'>tarum</span> <span class='ocrx_word' id='word_1_42' title='bbox 185 630 413 687; x_wconf 88' lang='lat' dir='ltr'>Scripturis</span> <span class='ocrx_word' id='word_1_43' title='bbox 433 631 611 673; x_wconf 88' lang='lat' dir='ltr'>insertos</span> <span class='ocrx_word' id='word_1_44' title='bbox 632 646 723 673; x_wconf 88' lang='lat' dir='ltr'>esse</span> <span class='ocrx_word' id='word_1_45' title='bbox 744 630 907 672; x_wconf 90' lang='lat' dir='ltr'>divinis.</span> 
     </span>
    </p>

    <p class='ocr_par' dir='ltr' id='par_1_3' title="bbox 25 699 1384 1670">
     <span class='ocr_line' id='line_1_7' title="bbox 81 699 1373 759; baseline 0.001 -17"><span class='ocrx_word' id='word_1_46' title='bbox 81 699 150 744; x_wconf 89' lang='lat' dir='ltr'>IV.</span> <span class='ocrx_word' id='word_1_47' title='bbox 190 701 309 742; x_wconf 84' lang='lat' dir='ltr'><strong>Unde</strong></span> <span class='ocrx_word' id='word_1_48' title='bbox 334 700 444 742; x_wconf 87' lang='lat' dir='ltr'>enim</span> <span class='ocrx_word' id='word_1_49' title='bbox 466 702 570 742; x_wconf 92' lang='lat' dir='ltr'>illud</span> <span class='ocrx_word' id='word_1_50' title='bbox 592 701 781 758; x_wconf 67' lang='lat' dir='ltr'>:anujus</span> <span class='ocrx_word' id='word_1_51' title='bbox 807 710 849 742; x_wconf 87' lang='lat' dir='ltr'>et</span> <span class='ocrx_word' id='word_1_52' title='bbox 870 716 1000 757; x_wconf 82' lang='lat' dir='ltr'>genus</span> <span class='ocrx_word' id='word_1_53' title='bbox 1025 701 1373 759; x_wconf 71' lang='lat' dir='ltr'>sumus&#39;‚»quod</span> 
     </span>
     <span class='ocr_line' id='line_1_8' title="bbox 25 770 1379 828; baseline 0 -15"><span class='ocrx_word' id='word_1_54' title='bbox 25 771 178 814; x_wconf 77' lang='lat' dir='ltr'>Paulus</span> <span class='ocrx_word' id='word_1_55' title='bbox 197 786 272 811; x_wconf 87' lang='lat' dir='ltr'>usu</span> <span class='ocrx_word' id='word_1_56' title='bbox 293 770 542 827; x_wconf 88' lang='lat' dir='ltr'>prophetico</span> <span class='ocrx_word' id='word_1_57' title='bbox 566 772 714 812; x_wconf 80' lang='lat' dir='ltr'>ductus</span> <span class='ocrx_word' id='word_1_58' title='bbox 735 779 907 826; x_wconf 82' lang='lat' dir='ltr'>usurpat</span> <span class='ocrx_word' id='word_1_59' title='bbox 922 770 939 810; x_wconf 79' lang='lat' dir='ltr'>P</span> <span class='ocrx_word' id='word_1_60' title='bbox 957 771 1061 812; x_wconf 86' lang='lat' dir='ltr'>Nam</span> <span class='ocrx_word' id='word_1_61' title='bbox 1079 780 1119 813; x_wconf 90' lang='lat' dir='ltr'>et</span> <span class='ocrx_word' id='word_1_62' title='bbox 1144 770 1379 828; x_wconf 81' lang='lat' dir='ltr'>gigantes²,</span> 
     </span>
     <span class='ocr_line' id='line_1_9' title="bbox 26 839 1374 897; baseline 0.001 -15"><span class='ocrx_word' id='word_1_63' title='bbox 26 849 66 882; x_wconf 86' lang='lat' dir='ltr'>et</span> <span class='ocrx_word' id='word_1_64' title='bbox 89 841 235 882; x_wconf 88' lang='lat' dir='ltr'>vallem</span> <span class='ocrx_word' id='word_1_65' title='bbox 249 840 445 883; x_wconf 80' lang='lat' dir='ltr'>Titanum</span> <span class='ocrx_word' id='word_1_66' title='bbox 463 840 698 897; x_wconf 77' lang='lat' dir='ltr'>prophetici</span> <span class='ocrx_word' id='word_1_67' title='bbox 718 839 923 882; x_wconf 83' lang='lat' dir='ltr'>sermonis</span> <span class='ocrx_word' id='word_1_68' title='bbox 941 839 1068 881; x_wconf 91' lang='lat' dir='ltr'>series</span> <span class='ocrx_word' id='word_1_69' title='bbox 1090 855 1174 881; x_wconf 88' lang='lat' dir='ltr'>non</span> <span class='ocrx_word' id='word_1_70' title='bbox 1190 839 1374 897; x_wconf 59' lang='lat' dir='ltr'>resugffl.</span> 
     </span>
     <span class='ocr_line' id='line_1_10' title="bbox 26 908 1381 967; baseline -0.001 -15"><span class='ocrx_word' id='word_1_71' title='bbox 26 911 77 952; x_wconf 88' lang='lat' dir='ltr'>Et</span> <span class='ocrx_word' id='word_1_72' title='bbox 97 910 236 952; x_wconf 73' lang='lat' dir='ltr'>Esaias</span> <span class='ocrx_word' id='word_1_73' title='bbox 258 909 425 951; x_wconf 77' lang='lat' dir='ltr'>Sirenas</span> <span class='ocrx_word' id='word_1_74' title='bbox 440 942 449 957; x_wconf 87' lang='lat'>‚</span> <span class='ocrx_word' id='word_1_75' title='bbox 476 918 517 951; x_wconf 84' lang='lat' dir='ltr'>et</span> <span class='ocrx_word' id='word_1_76' title='bbox 539 908 642 951; x_wconf 83' lang='lat' dir='ltr'>filias</span> <span class='ocrx_word' id='word_1_77' title='bbox 666 925 880 967; x_wconf 84' lang='lat' dir='ltr'>passerum</span> <span class='ocrx_word' id='word_1_78' title='bbox 904 910 1050 953; x_wconf 66' lang='lat' dir='ltr'>dixw.</span> <span class='ocrx_word' id='word_1_79' title='bbox 1077 910 1129 952; x_wconf 85' lang='lat' dir='ltr'>Et</span> <span class='ocrx_word' id='word_1_80' title='bbox 1150 911 1381 952; x_wconf 73' lang='lat' dir='ltr'>Hieremias</span> 
     </span>
     <span class='ocr_line' id='line_1_11' title="bbox 30 979 1381 1037; baseline -0.001 -15"><span class='ocrx_word' id='word_1_81' title='bbox 30 982 80 1023; x_wconf 84' lang='lat' dir='ltr'>de</span> <span class='ocrx_word' id='word_1_82' title='bbox 100 981 332 1037; x_wconf 79' lang='lat' dir='ltr'>Babylonia</span> <span class='ocrx_word' id='word_1_83' title='bbox 353 981 603 1022; x_wconf 84' lang='lat' dir='ltr'>memoravit</span> <span class='ocrx_word' id='word_1_84' title='bbox 623 982 737 1037; x_wconf 89' lang='lat' dir='ltr'>quod</span> <span class='ocrx_word' id='word_1_85' title='bbox 756 980 1006 1032; x_wconf 84' lang='lat' dir='ltr'>habitabunt</span> <span class='ocrx_word' id='word_1_86' title='bbox 1025 981 1064 1021; x_wconf 91' lang='lat' dir='ltr'>in</span> <span class='ocrx_word' id='word_1_87' title='bbox 1088 995 1135 1022; x_wconf 87' lang='lat' dir='ltr'>ea</span> <span class='ocrx_word' id='word_1_88' title='bbox 1156 979 1249 1022; x_wconf 67' lang='lat' dir='ltr'>silice</span> <span class='ocrx_word' id='word_1_89' title='bbox 1271 979 1381 1022; x_wconf 87' lang='lat' dir='ltr'>Sire-</span> 
     </span>
     <span class='ocr_line' id='line_1_12' title="bbox 28 1050 1382 1106; baseline -0.002 -13"><span class='ocrx_word' id='word_1_90' title='bbox 28 1050 154 1093; x_wconf 89' lang='lat' dir='ltr'>num⁵</span> <span class='ocrx_word' id='word_1_91' title='bbox 176 1067 185 1099; x_wconf 90' lang='lat'>;</span> <span class='ocrx_word' id='word_1_92' title='bbox 212 1059 257 1092; x_wconf 90' lang='lat' dir='ltr'>ut</span> <span class='ocrx_word' id='word_1_93' title='bbox 280 1051 519 1092; x_wconf 81' lang='lat' dir='ltr'>ostenderet</span> <span class='ocrx_word' id='word_1_94' title='bbox 542 1050 785 1106; x_wconf 74' lang='lat' dir='ltr'>Babylonis,</span> <span class='ocrx_word' id='word_1_95' title='bbox 814 1050 891 1092; x_wconf 87' lang='lat' dir='ltr'>hoc</span> <span class='ocrx_word' id='word_1_96' title='bbox 917 1059 993 1098; x_wconf 84' lang='lat' dir='ltr'>est,</span> <span class='ocrx_word' id='word_1_97' title='bbox 1011 1050 1220 1092; x_wconf 77' lang='lat' dir='ltr'>saecularis</span> <span class='ocrx_word' id='word_1_98' title='bbox 1238 1050 1382 1092; x_wconf 80' lang='lat' dir='ltr'>consu-</span> 
     </span>
     <span class='ocr_line' id='line_1_13' title="bbox 29 1119 1378 1177; baseline -0.001 -14"><span class='ocrx_word' id='word_1_99' title='bbox 29 1120 157 1164; x_wconf 86' lang='lat' dir='ltr'>sionis</span> <span class='ocrx_word' id='word_1_100' title='bbox 184 1119 401 1162; x_wconf 70' lang='lat' dir='ltr'>illecebras</span> <span class='ocrx_word' id='word_1_101' title='bbox 419 1154 430 1169; x_wconf 92' lang='lat'><strong>,</strong></span> <span class='ocrx_word' id='word_1_102' title='bbox 465 1128 636 1162; x_wconf 64' lang='lat' dir='ltr'>vetustte</span> <span class='ocrx_word' id='word_1_103' title='bbox 667 1121 845 1162; x_wconf 75' lang='lat' dir='ltr'>lascivia:</span> <span class='ocrx_word' id='word_1_104' title='bbox 879 1120 1027 1162; x_wconf 79' lang='lat' dir='ltr'>sabulis</span> <span class='ocrx_word' id='word_1_105' title='bbox 1050 1122 1378 1177; x_wconf 83' lang='lat' dir='ltr'>comparandas3</span> 
     </span>
     <span class='ocr_line' id='line_1_14' title="bbox 28 1190 1380 1249; baseline -0.001 -17"><span class='ocrx_word' id='word_1_106' title='bbox 28 1207 119 1249; x_wconf 79' lang='lat' dir='ltr'>quae</span> <span class='ocrx_word' id='word_1_107' title='bbox 132 1192 242 1232; x_wconf 84' lang='lat' dir='ltr'>velut</span> <span class='ocrx_word' id='word_1_108' title='bbox 260 1191 482 1248; x_wconf 87' lang='lat' dir='ltr'>scopuloso</span> <span class='ocrx_word' id='word_1_109' title='bbox 501 1190 541 1231; x_wconf 87' lang='lat' dir='ltr'>in</span> <span class='ocrx_word' id='word_1_110' title='bbox 561 1190 678 1232; x_wconf 85' lang='lat' dir='ltr'>istius</span> <span class='ocrx_word' id='word_1_111' title='bbox 699 1190 788 1232; x_wconf 57' lang='lat' dir='ltr'>vitre</span> <span class='ocrx_word' id='word_1_112' title='bbox 807 1191 946 1232; x_wconf 90' lang='lat' dir='ltr'>littore</span> <span class='ocrx_word' id='word_1_113' title='bbox 963 1223 974 1239; x_wconf 93' lang='lat'>,</span> <span class='ocrx_word' id='word_1_114' title='bbox 995 1191 1163 1232; x_wconf 83' lang='lat' dir='ltr'>dulcem</span> <span class='ocrx_word' id='word_1_115' title='bbox 1182 1204 1380 1231; x_wconf 84' lang='lat' dir='ltr'>resonare</span> 
     </span>
     <span class='ocr_line' id='line_1_15' title="bbox 31 1259 1382 1322; baseline -0.003 -18"><span class='ocrx_word' id='word_1_116' title='bbox 31 1263 280 1322; x_wconf 82' lang='lat' dir='ltr'>quamdam,</span> <span class='ocrx_word' id='word_1_117' title='bbox 309 1262 382 1302; x_wconf 93' lang='lat' dir='ltr'>sed</span> <span class='ocrx_word' id='word_1_118' title='bbox 408 1260 667 1302; x_wconf 78' lang='lat' dir='ltr'>mortiferam</span> <span class='ocrx_word' id='word_1_119' title='bbox 690 1260 943 1302; x_wconf 83' lang='lat' dir='ltr'>cantilenam</span> <span class='ocrx_word' id='word_1_120' title='bbox 972 1262 1024 1302; x_wconf 87' lang='lat' dir='ltr'>ad</span> <span class='ocrx_word' id='word_1_121' title='bbox 1049 1260 1275 1318; x_wconf 87' lang='lat' dir='ltr'>capiendos</span> <span class='ocrx_word' id='word_1_122' title='bbox 1299 1259 1382 1301; x_wconf 82' lang='lat' dir='ltr'>ani-</span> 
     </span>
     <span class='ocr_line' id='line_1_16' title="bbox 29 1330 1377 1388; baseline -0.003 -13"><span class='ocrx_word' id='word_1_123' title='bbox 29 1347 121 1376; x_wconf 87' lang='lat' dir='ltr'>mos</span> <span class='ocrx_word' id='word_1_124' title='bbox 146 1331 474 1373; x_wconf 84' lang='lat' dir='ltr'>adolescentium</span> <span class='ocrx_word' id='word_1_125' title='bbox 504 1331 784 1374; x_wconf 81' lang='lat' dir='ltr'>viderentur:</span> <span class='ocrx_word' id='word_1_126' title='bbox 815 1346 942 1388; x_wconf 81' lang='lat' dir='ltr'>quam</span> <span class='ocrx_word' id='word_1_127' title='bbox 978 1331 1141 1388; x_wconf 80' lang='lat' dir='ltr'>sapiens</span> <span class='ocrx_word' id='word_1_128' title='bbox 1165 1330 1291 1372; x_wconf 87' lang='lat' dir='ltr'>etiam</span> <span class='ocrx_word' id='word_1_129' title='bbox 1326 1330 1377 1371; x_wconf 85' lang='lat' dir='ltr'>ab</span> 
     </span>
     <span class='ocr_line' id='line_1_17' title="bbox 35 1400 1383 1460; baseline -0.002 -15"><span class='ocrx_word' id='word_1_130' title='bbox 35 1403 124 1460; x_wconf 86' lang='lat' dir='ltr'>ipso</span> <span class='ocrx_word' id='word_1_131' title='bbox 156 1406 277 1459; x_wconf 70' lang='lat' dir='ltr'>poeta</span> <span class='ocrx_word' id='word_1_132' title='bbox 302 1402 451 1444; x_wconf 77' lang='lat' dir='ltr'>Graeco</span> <span class='ocrx_word' id='word_1_133' title='bbox 478 1402 716 1451; x_wconf 89' lang='lat' dir='ltr'>inducitur,</span> <span class='ocrx_word' id='word_1_134' title='bbox 737 1402 853 1458; x_wconf 71' lang='lat' dir='ltr'>quasi</span> <span class='ocrx_word' id='word_1_135' title='bbox 877 1401 1125 1459; x_wconf 84' lang='lat' dir='ltr'>quibusdam</span> <span class='ocrx_word' id='word_1_136' title='bbox 1149 1400 1383 1458; x_wconf 65' lang='lat' dir='ltr'>prudentia}</span> 
     </span>
     <span class='ocr_line' id='line_1_18' title="bbox 33 1470 1384 1528; baseline -0.001 -14"><span class='ocrx_word' id='word_1_137' title='bbox 33 1488 116 1514; x_wconf 81' lang='lat' dir='ltr'>suae</span> <span class='ocrx_word' id='word_1_138' title='bbox 138 1472 424 1513; x_wconf 79' lang='lat' dir='ltr'>circumdatus</span> <span class='ocrx_word' id='word_1_139' title='bbox 447 1471 624 1513; x_wconf 83' lang='lat' dir='ltr'>vinculis</span> <span class='ocrx_word' id='word_1_140' title='bbox 645 1472 928 1528; x_wconf 79' lang='lat' dir='ltr'>praeteriisse⁰.</span> <span class='ocrx_word' id='word_1_141' title='bbox 956 1472 1015 1513; x_wconf 84' lang='lat' dir='ltr'>Ita</span> <span class='ocrx_word' id='word_1_142' title='bbox 1037 1470 1205 1513; x_wconf 85' lang='lat' dir='ltr'>difficile</span> <span class='ocrx_word' id='word_1_143' title='bbox 1226 1470 1384 1526; x_wconf 81' lang='lat' dir='ltr'>judica-</span> 
     </span>
     <span class='ocr_line' id='line_1_19' title="bbox 34 1530 1381 1596; baseline -0.002 -13"><span class='ocrx_word' id='word_1_144' title='bbox 34 1550 122 1584; x_wconf 83' lang='lat' dir='ltr'>tum</span> <span class='ocrx_word' id='word_1_145' title='bbox 146 1550 207 1583; x_wconf 90' lang='lat' dir='ltr'>est</span> <span class='ocrx_word' id='word_1_146' title='bbox 229 1550 323 1583; x_wconf 85' lang='lat' dir='ltr'>ante</span> <span class='ocrx_word' id='word_1_147' title='bbox 346 1541 572 1583; x_wconf 79' lang='lat' dir='ltr'>adventum</span> <span class='ocrx_word' id='word_1_148' title='bbox 597 1530 752 1583; x_wconf 77' lang='lat' dir='ltr'>Christi</span> <span class='ocrx_word' id='word_1_149' title='bbox 776 1541 902 1583; x_wconf 84' lang='lat' dir='ltr'>etiam</span> <span class='ocrx_word' id='word_1_150' title='bbox 928 1540 1123 1583; x_wconf 86' lang='lat' dir='ltr'>fortiores</span> <span class='ocrx_word' id='word_1_151' title='bbox 1150 1555 1234 1582; x_wconf 91' lang='lat' dir='ltr'>non</span> <span class='ocrx_word' id='word_1_152' title='bbox 1259 1554 1381 1596; x_wconf 89' lang='lat' dir='ltr'>posse</span> 
     </span>
     <span class='ocr_line' id='line_1_20' title="bbox 34 1611 787 1670; baseline -0.003 -16"><span class='ocrx_word' id='word_1_153' title='bbox 34 1612 126 1670; x_wconf 85' lang='lat' dir='ltr'>capi</span> <span class='ocrx_word' id='word_1_154' title='bbox 145 1611 343 1669; x_wconf 79' lang='lat' dir='ltr'>speciosoe</span> <span class='ocrx_word' id='word_1_155' title='bbox 364 1612 524 1654; x_wconf 83' lang='lat' dir='ltr'>deliciis</span> <span class='ocrx_word' id='word_1_156' title='bbox 549 1611 787 1667; x_wconf 80' lang='lat' dir='ltr'>voluptatis.</span> 
     </span>
    </p>

    <p class='ocr_par' dir='ltr' id='par_1_4' title="bbox 36 1679 1384 2089">
     <span class='ocr_line' id='line_1_21' title="bbox 94 1679 1380 1738; baseline -0.001 -14"><span class='ocrx_word' id='word_1_157' title='bbox 94 1679 142 1724; x_wconf 86' lang='lat' dir='ltr'>V.</span> <span class='ocrx_word' id='word_1_158' title='bbox 180 1681 307 1733; x_wconf 87' lang='lat' dir='ltr'>Quod</span> <span class='ocrx_word' id='word_1_159' title='bbox 332 1680 364 1723; x_wconf 89' lang='lat' dir='ltr'>si</span> <span class='ocrx_word' id='word_1_160' title='bbox 387 1685 508 1738; x_wconf 81' lang='lat' dir='ltr'>po&#39;e‘ta</span> <span class='ocrx_word' id='word_1_161' title='bbox 529 1681 596 1722; x_wconf 90' lang='lat' dir='ltr'>ille</span> <span class='ocrx_word' id='word_1_162' title='bbox 615 1680 892 1737; x_wconf 83' lang='lat' dir='ltr'>perniciosam</span> <span class='ocrx_word' id='word_1_163' title='bbox 912 1681 1124 1723; x_wconf 77' lang='lat' dir='ltr'>mentibus</span> <span class='ocrx_word' id='word_1_164' title='bbox 1142 1681 1380 1730; x_wconf 86' lang='lat' dir='ltr'>hominum,</span> 
     </span>
     <span class='ocr_line' id='line_1_22' title="bbox 36 1750 1384 1807; baseline -0.001 -13"><span class='ocrx_word' id='word_1_165' title='bbox 36 1760 77 1795; x_wconf 82' lang='lat' dir='ltr'>et</span> <span class='ocrx_word' id='word_1_166' title='bbox 99 1751 327 1794; x_wconf 87' lang='lat' dir='ltr'>subeundis</span> <span class='ocrx_word' id='word_1_167' title='bbox 347 1751 573 1793; x_wconf 80' lang='lat' dir='ltr'>obnoxiam</span> <span class='ocrx_word' id='word_1_168' title='bbox 593 1750 816 1807; x_wconf 82' lang='lat' dir='ltr'>naufragiis</span> <span class='ocrx_word' id='word_1_169' title='bbox 830 1783 839 1799; x_wconf 92' lang='lat'>‚</span> <span class='ocrx_word' id='word_1_170' title='bbox 867 1751 1044 1792; x_wconf 83' lang='lat' dir='ltr'>lasciviae</span> <span class='ocrx_word' id='word_1_171' title='bbox 1065 1752 1274 1793; x_wconf 77' lang='lat' dir='ltr'>saecularis</span> <span class='ocrx_word' id='word_1_172' title='bbox 1292 1752 1384 1793; x_wconf 89' lang='lat' dir='ltr'>ille-</span> 
     </span>
     <span class='ocr_line' id='line_1_23' title="bbox 38 1822 1384 1879; baseline -0.001 -14"><span class='ocrx_word' id='word_1_173' title='bbox 38 1823 206 1866; x_wconf 85' lang='lat' dir='ltr'>cebram</span> <span class='ocrx_word' id='word_1_174' title='bbox 220 1823 435 1878; x_wconf 83' lang='lat' dir='ltr'>judicavit;</span> <span class='ocrx_word' id='word_1_175' title='bbox 452 1822 553 1879; x_wconf 86' lang='lat' dir='ltr'>quid</span> <span class='ocrx_word' id='word_1_176' title='bbox 572 1837 644 1863; x_wconf 93' lang='lat' dir='ltr'>nos</span> <span class='ocrx_word' id='word_1_177' title='bbox 663 1823 870 1863; x_wconf 70' lang='lat' dir='ltr'>{estimare</span> <span class='ocrx_word' id='word_1_178' title='bbox 889 1830 1068 1879; x_wconf 81' lang='lat' dir='ltr'>oportet,</span> <span class='ocrx_word' id='word_1_179' title='bbox 1084 1822 1237 1878; x_wconf 83' lang='lat' dir='ltr'>quibus</span> <span class='ocrx_word' id='word_1_180' title='bbox 1257 1823 1384 1879; x_wconf 89' lang='lat' dir='ltr'>scrip-</span> 
     </span>
     <span class='ocr_line' id='line_1_24' title="bbox 39 1890 1373 1948; baseline -0.002 -14"><span class='ocrx_word' id='word_1_181' title='bbox 39 1900 128 1935; x_wconf 82' lang='lat' dir='ltr'>tum</span> <span class='ocrx_word' id='word_1_182' title='bbox 149 1900 212 1934; x_wconf 88' lang='lat' dir='ltr'>est</span> <span class='ocrx_word' id='word_1_183' title='bbox 235 1906 276 1934; x_wconf 89' lang='lat'>:«</span> <span class='ocrx_word' id='word_1_184' title='bbox 292 1892 437 1933; x_wconf 87' lang='lat' dir='ltr'>Carnis</span> <span class='ocrx_word' id='word_1_185' title='bbox 454 1906 597 1934; x_wconf 87' lang='lat' dir='ltr'>curam</span> <span class='ocrx_word' id='word_1_186' title='bbox 619 1906 671 1932; x_wconf 86' lang='lat' dir='ltr'>ne</span> <span class='ocrx_word' id='word_1_187' title='bbox 694 1891 873 1933; x_wconf 83' lang='lat' dir='ltr'>feceritis</span> <span class='ocrx_word' id='word_1_188' title='bbox 895 1892 935 1932; x_wconf 90' lang='lat' dir='ltr'>in</span> <span class='ocrx_word' id='word_1_189' title='bbox 950 1890 1373 1948; x_wconf 70' lang='lat' dir='ltr'>concupiscentia⁷i²n</span> 
     </span>
     <span class='ocr_line' id='line_1_25' title="bbox 40 1961 1384 2018; baseline -0.001 -15"><span class='ocrx_word' id='word_1_190' title='bbox 40 1962 91 2003; x_wconf 89' lang='lat' dir='ltr'>Et</span> <span class='ocrx_word' id='word_1_191' title='bbox 112 1962 208 2003; x_wconf 85' lang='lat' dir='ltr'>alibi</span> <span class='ocrx_word' id='word_1_192' title='bbox 232 1977 272 2003; x_wconf 75' lang='lat' dir='ltr'>:a</span> <span class='ocrx_word' id='word_1_193' title='bbox 287 1961 452 2018; x_wconf 82' lang='lat' dir='ltr'>Castigo</span> <span class='ocrx_word' id='word_1_194' title='bbox 489 1976 641 2018; x_wconf 88' lang='lat' dir='ltr'>corpus</span> <span class='ocrx_word' id='word_1_195' title='bbox 663 1976 804 2002; x_wconf 87' lang='lat' dir='ltr'>meum</span> <span class='ocrx_word' id='word_1_196' title='bbox 821 1993 833 2009; x_wconf 89' lang='lat'><em>,</em></span> <span class='ocrx_word' id='word_1_197' title='bbox 862 1970 904 2002; x_wconf 86' lang='lat' dir='ltr'>et</span> <span class='ocrx_word' id='word_1_198' title='bbox 926 1961 1115 2004; x_wconf 85' lang='lat' dir='ltr'>servituti</span> <span class='ocrx_word' id='word_1_199' title='bbox 1138 1962 1307 2018; x_wconf 81' lang='lat' dir='ltr'>redigo;</span> <span class='ocrx_word' id='word_1_200' title='bbox 1333 1976 1384 2003; x_wconf 88' lang='lat' dir='ltr'>ne</span> 
     </span>
     <span class='ocr_line' id='line_1_26' title="bbox 41 2030 1030 2089; baseline -0.001 -18"><span class='ocrx_word' id='word_1_201' title='bbox 41 2031 158 2072; x_wconf 79' lang='lat' dir='ltr'>»aliis</span> <span class='ocrx_word' id='word_1_202' title='bbox 182 2031 411 2088; x_wconf 82' lang='lat' dir='ltr'>praedicans</span> <span class='ocrx_word' id='word_1_203' title='bbox 426 2065 435 2080; x_wconf 93' lang='lat'><em>‚</em></span> <span class='ocrx_word' id='word_1_204' title='bbox 464 2031 550 2088; x_wconf 87' lang='lat' dir='ltr'>ipse</span> <span class='ocrx_word' id='word_1_205' title='bbox 571 2032 774 2089; x_wconf 82' lang='lat' dir='ltr'>reprobus</span> <span class='ocrx_word' id='word_1_206' title='bbox 797 2030 1030 2073; x_wconf 72' lang='lat' dir='ltr'>efficiar⁸?»</span> 
     </span>
    </p>

    <p class='ocr_par' dir='ltr' id='par_1_5' title="bbox 44 2100 1391 2298">
     <span class='ocr_line' id='line_1_27' title="bbox 100 2100 1389 2157; baseline -0.001 -16"><span class='ocrx_word' id='word_1_207' title='bbox 100 2100 166 2142; x_wconf 81' lang='lat' dir='ltr'>Vl.</span> <span class='ocrx_word' id='word_1_208' title='bbox 206 2101 297 2143; x_wconf 78' lang='lat' dir='ltr'>Non</span> <span class='ocrx_word' id='word_1_209' title='bbox 329 2100 440 2142; x_wconf 88' lang='lat' dir='ltr'>enim</span> <span class='ocrx_word' id='word_1_210' title='bbox 479 2116 553 2157; x_wconf 88' lang='lat' dir='ltr'>per</span> <span class='ocrx_word' id='word_1_211' title='bbox 583 2100 790 2142; x_wconf 79' lang='lat' dir='ltr'>luxuriam</span> <span class='ocrx_word' id='word_1_212' title='bbox 822 2100 943 2142; x_wconf 86' lang='lat' dir='ltr'>nobis</span> <span class='ocrx_word' id='word_1_213' title='bbox 966 2101 1182 2148; x_wconf 83' lang='lat' dir='ltr'>Christus,</span> <span class='ocrx_word' id='word_1_214' title='bbox 1211 2101 1283 2142; x_wconf 87' lang='lat' dir='ltr'>sed</span> <span class='ocrx_word' id='word_1_215' title='bbox 1314 2114 1389 2156; x_wconf 90' lang='lat' dir='ltr'>per</span> 
     </span>
     <span class='ocr_line' id='line_1_28' title="bbox 44 2170 1387 2227; baseline -0.001 -15"><span class='ocrx_word' id='word_1_216' title='bbox 44 2170 247 2227; x_wconf 85' lang='lat' dir='ltr'>jejunium</span> <span class='ocrx_word' id='word_1_217' title='bbox 272 2172 446 2213; x_wconf 86' lang='lat' dir='ltr'>salutem</span> <span class='ocrx_word' id='word_1_218' title='bbox 467 2171 618 2213; x_wconf 84' lang='lat' dir='ltr'>attulit.</span> <span class='ocrx_word' id='word_1_219' title='bbox 642 2170 786 2226; x_wconf 79' lang='lat' dir='ltr'>Neque</span> <span class='ocrx_word' id='word_1_220' title='bbox 807 2171 873 2211; x_wconf 90' lang='lat' dir='ltr'>ille</span> <span class='ocrx_word' id='word_1_221' title='bbox 891 2172 1125 2211; x_wconf 83' lang='lat' dir='ltr'>emerendae</span> <span class='ocrx_word' id='word_1_222' title='bbox 1147 2170 1287 2227; x_wconf 70' lang='lat' dir='ltr'>gratim</span> <span class='ocrx_word' id='word_1_223' title='bbox 1304 2185 1387 2211; x_wconf 67' lang='lat' dir='ltr'>sua}</span> 
     </span>
     <span class='ocr_line' id='line_1_29' title="bbox 45 2240 1391 2298; baseline -0.003 -14"><span class='ocrx_word' id='word_1_224' title='bbox 45 2256 167 2285; x_wconf 81' lang='lat' dir='ltr'>causa</span> <span class='ocrx_word' id='word_1_225' title='bbox 183 2275 194 2291; x_wconf 88' lang='lat'><em>,</em></span> <span class='ocrx_word' id='word_1_226' title='bbox 218 2243 290 2284; x_wconf 88' lang='lat' dir='ltr'>sed</span> <span class='ocrx_word' id='word_1_227' title='bbox 311 2251 461 2284; x_wconf 84' lang='lat' dir='ltr'>noslrae</span> <span class='ocrx_word' id='word_1_228' title='bbox 487 2241 734 2283; x_wconf 85' lang='lat' dir='ltr'>eruditionis</span> <span class='ocrx_word' id='word_1_229' title='bbox 762 2241 890 2298; x_wconf 81' lang='lat' dir='ltr'>gratia</span> <span class='ocrx_word' id='word_1_230' title='bbox 914 2240 1129 2295; x_wconf 72' lang='lat' dir='ltr'>jejunavit.</span> <span class='ocrx_word' id='word_1_231' title='bbox 1160 2241 1301 2296; x_wconf 64' lang='lat' dir='ltr'>Neque</span> <span class='ocrx_word' id='word_1_232' title='bbox 1325 2240 1391 2281; x_wconf 86' lang='lat' dir='ltr'>in-</span> 
     </span>
    </p>

    <p class='ocr_par' dir='ltr' id='par_1_6' title="bbox 0 2309 1389 2440">
     <span class='ocr_line' id='line_1_30' title="bbox 46 2309 1385 2370; baseline -0.004 -16"><span class='ocrx_word' id='word_1_233' title='bbox 46 2311 244 2354; x_wconf 85' lang='lat' dir='ltr'>firmitate</span> <span class='ocrx_word' id='word_1_234' title='bbox 266 2312 452 2370; x_wconf 89' lang='lat' dir='ltr'>corporis</span> <span class='ocrx_word' id='word_1_235' title='bbox 475 2311 607 2353; x_wconf 79' lang='lat' dir='ltr'>victus</span> <span class='ocrx_word' id='word_1_236' title='bbox 633 2319 719 2357; x_wconf 82' lang='lat' dir='ltr'>est,</span> <span class='ocrx_word' id='word_1_237' title='bbox 745 2319 790 2353; x_wconf 82' lang='lat' dir='ltr'>ut</span> <span class='ocrx_word' id='word_1_238' title='bbox 820 2311 996 2352; x_wconf 74' lang='lat' dir='ltr'>esuriret</span> <span class='ocrx_word' id='word_1_239' title='bbox 1026 2328 1034 2349; x_wconf 73' lang='grc' dir='ltr'><em>ι</em></span> <span class='ocrx_word' id='word_1_240' title='bbox 1062 2311 1133 2351; x_wconf 82' lang='lat' dir='ltr'>sed</span> <span class='ocrx_word' id='word_1_241' title='bbox 1164 2309 1385 2351; x_wconf 86' lang='lat' dir='ltr'>esuriendo</span> 
     </span>
     <span class='ocr_line' id='line_1_31' title="bbox 0 2377 1389 2440; baseline -0.002 -16"><span class='ocrx_word' id='word_1_242' title='bbox 0 2377 1 2425; x_wconf 53' lang='lat' dir='ltr'>l</span> <span class='ocrx_word' id='word_1_243' title='bbox 48 2382 229 2440; x_wconf 87' lang='lat' dir='ltr'>suscepti</span> <span class='ocrx_word' id='word_1_244' title='bbox 259 2381 447 2439; x_wconf 81' lang='lat' dir='ltr'>corporis</span> <span class='ocrx_word' id='word_1_245' title='bbox 476 2379 603 2423; x_wconf 88' lang='lat' dir='ltr'>fidem</span> <span class='ocrx_word' id='word_1_246' title='bbox 628 2380 843 2438; x_wconf 81' lang='lat' dir='ltr'>praestitit;</span> <span class='ocrx_word' id='word_1_247' title='bbox 872 2389 1022 2422; x_wconf 78' lang='lat' dir='ltr'>utnon</span> <span class='ocrx_word' id='word_1_248' title='bbox 1054 2381 1188 2421; x_wconf 85' lang='lat' dir='ltr'>solum</span> <span class='ocrx_word' id='word_1_249' title='bbox 1213 2394 1389 2436; x_wconf 83' lang='lat' dir='ltr'>corpus,</span> 
     </span>
    </p>
   </div>
   <div class='ocr_carea' id='block_1_3' title="bbox 0 2490 1395 2643">
    <p class='ocr_par' dir='ltr' id='par_1_7' title="bbox 0 2490 1395 2643">
     <span class='ocr_line' id='line_1_32' title="bbox 0 2490 1394 2541; baseline -0.006 -14"><span class='ocrx_word' id='word_1_250' title='bbox 0 2534 1 2541; x_wconf 13' lang='grc' dir='ltr'>ἵ</span> <span class='ocrx_word' id='word_1_251' title='bbox 95 2506 104 2519; x_wconf 83' lang='grc'><strong><em>·</em></strong></span> <span class='ocrx_word' id='word_1_252' title='bbox 129 2495 188 2527; x_wconf 81' lang='lat' dir='ltr'>Art</span> <span class='ocrx_word' id='word_1_253' title='bbox 205 2504 282 2529; x_wconf 85' lang='lat' dir='ltr'>xvu,</span> <span class='ocrx_word' id='word_1_254' title='bbox 299 2493 331 2525; x_wconf 89' lang='grc'>8.</span> <span class='ocrx_word' id='word_1_255' title='bbox 349 2512 385 2517; x_wconf 91' lang='grc'>-</span> <span class='ocrx_word' id='word_1_256' title='bbox 401 2503 413 2517; x_wconf 75' lang='lat'>²</span> <span class='ocrx_word' id='word_1_257' title='bbox 431 2493 529 2525; x_wconf 84' lang='lat' dir='ltr'>Num.</span> <span class='ocrx_word' id='word_1_258' title='bbox 546 2504 619 2527; x_wconf 77' lang='lat' dir='ltr'>xiu.</span> <span class='ocrx_word' id='word_1_259' title='bbox 638 2492 691 2530; x_wconf 70' lang='grc'>34.</span> <span class='ocrx_word' id='word_1_260' title='bbox 708 2511 747 2517; x_wconf 91' lang='grc'>-</span> <span class='ocrx_word' id='word_1_261' title='bbox 763 2494 775 2517; x_wconf 82' lang='lat'><strong>¹</strong></span> <span class='ocrx_word' id='word_1_262' title='bbox 793 2504 811 2524; x_wconf 87' lang='lat'>2</span> <span class='ocrx_word' id='word_1_263' title='bbox 829 2493 905 2534; x_wconf 79' lang='lat' dir='ltr'>Reg.</span> <span class='ocrx_word' id='word_1_264' title='bbox 923 2503 955 2531; x_wconf 85' lang='lat' dir='ltr'>v,</span> <span class='ocrx_word' id='word_1_265' title='bbox 976 2491 1025 2524; x_wconf 74' lang='lat'>18.</span> <span class='ocrx_word' id='word_1_266' title='bbox 1042 2508 1082 2514; x_wconf 90' lang='lat'><strong>—</strong></span> <span class='ocrx_word' id='word_1_267' title='bbox 1102 2490 1206 2522; x_wconf 80' lang='lat' dir='ltr'>⁴Isa&#39;1&#39;.</span> <span class='ocrx_word' id='word_1_268' title='bbox 1232 2500 1327 2528; x_wconf 70' lang='lat' dir='ltr'>uui,</span> <span class='ocrx_word' id='word_1_269' title='bbox 1343 2499 1394 2520; x_wconf 80' lang='lat'>20.</span> 
     </span>
     <span class='ocr_line' id='line_1_33' title="bbox 0 2546 1395 2590; baseline -0.005 -9"><span class='ocrx_word' id='word_1_270' title='bbox 0 2552 2 2586; x_wconf 71' lang='grc' dir='ltr'><em>ξ</em></span> <span class='ocrx_word' id='word_1_271' title='bbox 49 2566 89 2573; x_wconf 93' lang='grc'><strong>-</strong></span> <span class='ocrx_word' id='word_1_272' title='bbox 119 2550 132 2572; x_wconf 82' lang='lat'>⁵</span> <span class='ocrx_word' id='word_1_273' title='bbox 162 2549 236 2583; x_wconf 80' lang='lat' dir='ltr'>Jer.</span> <span class='ocrx_word' id='word_1_274' title='bbox 260 2557 363 2586; x_wconf 82' lang='lat' dir='ltr'>xxvu,</span> <span class='ocrx_word' id='word_1_275' title='bbox 397 2547 452 2589; x_wconf 81' lang='lat'>39.</span> <span class='ocrx_word' id='word_1_276' title='bbox 475 2564 515 2571; x_wconf 86' lang='lat'>——</span> <span class='ocrx_word' id='word_1_277' title='bbox 542 2548 556 2569; x_wconf 72' lang='grc' dir='ltr'><strong><em>ὃ</em></strong></span> <span class='ocrx_word' id='word_1_278' title='bbox 583 2546 680 2580; x_wconf 84' lang='lat' dir='ltr'>Hom.</span> <span class='ocrx_word' id='word_1_279' title='bbox 710 2558 775 2584; x_wconf 74' lang='lat' dir='ltr'>xii,</span> <span class='ocrx_word' id='word_1_280' title='bbox 798 2546 914 2590; x_wconf 69' lang='lat' dir='ltr'>Odyss.</span> <span class='ocrx_word' id='word_1_281' title='bbox 951 2564 989 2571; x_wconf 94' lang='lat'>-</span> <span class='ocrx_word' id='word_1_282' title='bbox 1021 2552 1032 2574; x_wconf 86' lang='lat'>⁷</span> <span class='ocrx_word' id='word_1_283' title='bbox 1054 2546 1149 2577; x_wconf 86' lang='lat' dir='ltr'>Rom.</span> <span class='ocrx_word' id='word_1_284' title='bbox 1186 2554 1257 2579; x_wconf 74' lang='lat' dir='ltr'>xm.</span> <span class='ocrx_word' id='word_1_285' title='bbox 1289 2547 1339 2581; x_wconf 73' lang='lat'>¹4·</span> <span class='ocrx_word' id='word_1_286' title='bbox 1361 2560 1395 2567; x_wconf 88' lang='lat'>-</span> 
     </span>
     <span class='ocr_line' id='line_1_34' title="bbox 0 2601 330 2643; baseline -0.006 -9"><span class='ocrx_word' id='word_1_287' title='bbox 0 2619 3 2641; x_wconf 66' lang='grc' dir='ltr'>ς</span> <span class='ocrx_word' id='word_1_288' title='bbox 53 2603 66 2623; x_wconf 81' lang='lat'><strong>⁸</strong></span> <span class='ocrx_word' id='word_1_289' title='bbox 91 2612 100 2634; x_wconf 91' lang='grc' dir='ltr'>ι</span> <span class='ocrx_word' id='word_1_290' title='bbox 121 2601 197 2633; x_wconf 84' lang='lat' dir='ltr'>Cor.</span> <span class='ocrx_word' id='word_1_291' title='bbox 215 2612 258 2637; x_wconf 77' lang='lat' dir='ltr'>tx,</span> <span class='ocrx_word' id='word_1_292' title='bbox 279 2611 330 2643; x_wconf 82' lang='lat'>27.</span> 
     </span>
    </p>
   </div>
  </div>
 </body>
</html>
