1768 3283
21 294 24 311 ν’
67 290 344 318 FRAGMENTUM
379 291 623 319 AMBROSlAN.
662 292 711 319 Ex
744 293 1006 322 TnEoDoRET.
1035 296 1289 325 DESUMPTUM.
1326 285 1412 340 [089

19 410 22 424 ‚
67 367 199 418 misit,
224 377 266 410 et
288 369 367 412 hoc
395 369 562 427 propria
587 369 772 426 potentia
793 371 1009 421 excitavit,
1036 380 1078 415 et
1100 388 1174 430 per
1197 376 1404 432 templum

17 488 19 494 ,
68 459 189 488 suum
215 440 442 500 perfectam
466 448 624 482 naturae
647 447 798 482 nostrae
821 442 1135 485 renovationem
1163 443 1315 487 effecit.

127 513 174 556 V.
210 512 292 553 Eos
308 525 405 552 vero
420 509 490 566 qui
507 510 653 552 dicunt
666 510 827 552 nudum
844 511 1059 554 hominem
1072 528 1160 554 esse
1178 513 1408 562 Christum,

4 613 10 645 3
67 584 132 626 vel
149 580 328 640 passioni
345 579 573 621 obnoxium
594 580 727 622 Deum
743 579 929 623 Verbum
943 613 953 630 ‚
978 591 1048 624 aut
1066 582 1104 623 in
1123 596 1292 624 carnem
1315 598 1413 625 con-

3 660 15 712 ³,
71 667 235 695 versum
255 683 265 699 ,
298 649 803 692 vel-consubstantiatum
836 665 987 709 corpus
1017 651 1212 693 habuisse
1231 685 1241 701 ,
1269 653 1334 694 vel
1359 654 1411 694 de

0 716 14 762 ,’
69 723 175 765 coelo
196 721 238 763 id
261 719 478 767 detulisse,
505 727 576 760 aut
598 719 844 775 phantasma
866 735 955 762 esse
981 736 989 762 :
1013 722 1075 763 vel
1097 722 1165 777 qui
1189 723 1410 764 mortalem

0 783 12 825 ³⁷
67 784 212 835 dicunt
237 792 370 832 Deum
394 789 580 831 Verbum
604 804 707 846 opus
729 790 949 839 habuisse,
977 800 1022 833 ut
1045 807 1065 833 a
1090 792 1211 833 Patre
1235 792 1411 834 suscita—

65 870 203 909 retur,
229 861 295 902 vel
322 859 596 901 inanimatum
620 873 772 915 corpus
795 859 1018 916 sumpsisse
1035 893 1045 908 ‚
1069 861 1134 902 vel
1160 861 1248 902 sine
1269 871 1411 903 mente

0 927 9 978 ἕξ
66 932 308 978 hominem,
348 931 412 971 vel
444 930 546 972 duas
575 928 730 990 Christi
760 938 930 973 naturas
957 946 1032 988 per
1066 931 1409 974 commixtionem

4 1029 7 1039 4
65 1001 258 1043 confusas
280 1015 408 1042 unam
429 1008 621 1041 naturam
651 999 778 1041 saetas
801 1015 891 1041 esse
918 1014 927 1042 ε
948 1008 990 1042 et
1012 1000 1081 1057 qui
1104 1015 1186 1042 non
1207 1000 1411 1043 confiten-

2 1085 5 1091 ‘
65 1070 190 1113 turin
214 1070 396 1112 Domino
421 1077 564 1112 nostro
590 1067 691 1111 Jesu
718 1069 885 1112 Christo
913 1071 1015 1113 duas
1038 1086 1126 1113 esse
1149 1080 1318 1113 naturas
1352 1071 1410 1114 in·

0 1159 3 1165 “
64 1142 288 1188 confusas,
328 1156 455 1183 unam
495 1149 634 1182 autem
672 1155 918 1197 personam,
956 1149 1161 1198 quatenus
1202 1157 1310 1184 unus
1347 1151 1408 1185 est

65 1211 279 1260 Christus,
318 1225 425 1253 unus
460 1211 615 1260 Filius,
652 1226 722 1253 eos
763 1211 1089 1255 anathematizat
1122 1213 1330 1256 catholica
1368 1222 1410 1257 et

64 1282 291 1341 apostoliea
317 1282 517 1325 Ecclesia.
