1806 3256
398 293 453 336 36
941 310 972 337 s.
1013 309 1203 338 AMBnosn

397 400 480 443 quo
507 394 549 428 et
571 385 786 429 hominem
814 384 1061 429 testificatur
1087 387 1254 430 dicens:
1287 403 1302 425 α
1325 386 1441 438 Quid
1471 401 1538 430 me
1566 386 1748 443 quan-itis
1797 397 1806 446 3!

397 476 413 497 n
427 457 619 500 occidere
636 457 854 500 hominem
870 489 879 505 ,
901 458 973 514 qui
991 457 1206 501 veritatem
1230 458 1402 499 locutus
1420 473 1508 500 sum
1533 457 1670 500 vobis¹
1688 457 1706 499 Ρ
1722 476 1737 497 n

397 527 621 569 Hominem
657 526 783 576 dicit,
815 528 854 569 in
885 542 968 584 quo
998 537 1040 571 et
1068 526 1293 571 crucifixus
1315 536 1358 570 et
1380 537 1594 578 mortuus,
1620 536 1661 570 et
1683 542 1749 569 se-

397 599 538 655 pultus
562 606 636 640 est.

456 668 533 710 XC
543 668 626 709 VII.
660 668 746 711 Nec
760 668 1038 711 dubitandum
1055 669 1167 726 quod
1185 670 1613 728 praeteritumposuit‚
1638 670 1751 726 quod

395 747 485 780 erat
507 738 694 780 futurum
712 756 722 787 3
740 739 830 781 haec
850 739 961 781 enim
987 743 1247 783 consuetudo
1262 750 1324 783 est
1345 740 1649 798 prophetiae,ut
1661 754 1752 796 quae

405 809 545 850 sutura
567 818 688 857 sunt,
714 811 779 851 vel
792 810 907 866 quasi
933 811 1168 867 praesentia,
1193 813 1258 854 vel
1275 811 1391 868 qnasi
1414 812 1521 852 sacta
1540 811 1746 852 dicantur.
1795 847 1799 855 .

400 878 595 935 Denique
615 879 656 920 in
677 879 842 922 Psalmo
866 880 1065 937 vigesimo
1090 882 1224 939 primo
1241 882 1398 938 legisti:
1415 881 1564 923 «Tauri
1580 881 1754 938 pingues
1795 915 1799 927 ,

408 968 423 988 »
439 948 695 991 obsederunt
719 965 809 998 1ne;
837 968 851 988 n
879 950 1014 1006 legisti
1037 951 1162 992 etiam
1185 967 1193 992 ε
1222 969 1236 989 α
1256 951 1499 993 Diviserunt
1528 951 1605 993 sibi
1628 950 1755 992 vesti·
1795 956 1799 991 .“

396 1029 567 1063 »menta
597 1036 690 1062 mea
709 1020 721 1041 ²
745 1036 753 1061 ε
780 1041 793 1058 »
824 1022 937 1077 quod
966 1021 1231 1078 Evangelista
1259 1022 1308 1063 de
1331 1030 1524 1078 tempore
1547 1020 1754 1078 passionis
1795 1018 1798 1063 Ξ

395 1092 694 1149 prophetatum
713 1106 802 1132 esse
825 1090 1053 1148 significan
1077 1091 1166 1133 Deo
1187 1092 1299 1133 enim
1332 1106 1424 1147 quae
1450 1099 1549 1133 sunt
1580 1091 1720 1132 sutura
1741 1121 1753 1140 ‚
1794 1138 1798 1153 ἱ

389 1163 608 1220 praesentia
626 1170 751 1203 sunt:
793 1170 835 1203 ct
864 1161 902 1202 ci
940 1161 1008 1202 cui
1044 1163 1298 1218 praecognita
1329 1174 1426 1204 sunt
1462 1161 1603 1204 omnia
1624 1194 1634 1210 ‚
1659 1176 1755 1203 vcn-

392 1241 486 1275 tura
513 1248 588 1290 pro
614 1232 731 1274 factis
756 1240 879 1281 suut,
903 1231 1011 1274 sicut
1039 1233 1242 1290 scriptum
1267 1240 1329 1274 est
1350 1248 1358 1274 :
1386 1249 1402 1271 α
1426 1231 1511 1284 Qui
1535 1230 1637 1274 fecit
1658 1246 1751 1288 quae

348 1333 353 1339 -
400 1311 604 1344 »ventura
622 1302 763 1345 sunt³.
791 1321 806 1341 »

456 1371 649 1414 XCVIII.
689 1371 774 1414 Nec
799 1371 954 1414 mirum
987 1372 1020 1414 si
1054 1380 1148 1414 ante
1172 1374 1324 1415 saecula
1350 1372 1575 1415 fundatum
1605 1387 1647 1414 sc
1670 1387 1759 1414 esse

398 1443 524 1492 dicit,
550 1458 646 1485 cum
668 1443 818 1501 legeris
849 1444 1193 1502 praedestinatum
1232 1452 1327 1486 ante
1360 1453 1551 1502 tempora
1583 1445 1757 1486 saecnla-

400 1514 502 1556 ria‘'.
541 1514 679 1565 Quam
703 1529 801 1556 vere
826 1515 876 1556 de
899 1514 1189 1557 incarnatione
1213 1516 1254 1557 id
1274 1515 1465 1557 videatur
1486 1529 1726 1572 expressum
1743 1547 1754 1562 ‚

402 1587 618 1628 declarant
651 1585 901 1641 sequentia:
929 1584 1193 1642 «Sapientia,
1231 1585 1388 1641 inquit,
1421 1583 1643 1626 :edificavit
1680 1583 1759 1626 sibi

402 1675 418 1697 n
434 1658 605 1699 domum
620 1688 631 1706 ‚
656 1664 697 1698 ct
716 1656 906 1697 subdidit
930 1656 1153 1698 columnas
1164 1665 1324 1712 septem
1339 1687 1351 1705 ,
1378 1664 1420 1698 et
1437 1654 1648 1698 interfecit
1665 1670 1759 1697 snas

405 1727 591 1769 »hostias
613 1742 621 1768 :
640 1726 812 1768 miscuit
830 1726 870 1768 in
894 1734 1056 1768 cratera
1075 1725 1216 1768 vinum
1237 1742 1377 1775 suum,
1395 1735 1437 1768 et
1458 1725 1620 1784 paravit
1641 1740 1761 1767 suam

405 1818 420 1838 n
436 1813 650 1846 mensa1n3
674 1806 714 1838 ct
735 1797 847 1839 misit
875 1812 971 1839 suos
989 1812 1151 1844 servos,
1178 1811 1417 1838 convocans
1441 1810 1538 1838 cum
1563 1795 1760 1837 altissima
1790 1801 1794 1809 '

405 1867 758 1926 »pwedicatione⁹
800 1867 943 1909 dicens
973 1881 982 1908 τ
1022 1867 1103 1918 Qui
1142 1874 1204 1908 est
1242 1866 1467 1924 insipiens,
1493 1865 1676 1907 declinet
1707 1864 1794 1927 ad¹

407 1940 546 1982 »me⁵.
570 1939 748 1981 »Nonne
772 1938 812 1979 in
835 1937 1062 1995 Evangelio
1089 1945 1182 1995 post
1204 1937 1535 1979 incarnationem
1561 1936 1652 1978 haec
1674 1950 1762 1977 om·
1789 1931 1794 1977 ἶ

1788 1980 1794 2020 i

407 2012 477 2054 nia
514 2010 704 2052 videmus
741 2025 830 2051 esse
870 2010 1106 2066 completa,
1140 2010 1253 2065 quod
1294 2008 1400 2050 sacri
1430 2007 1609 2050 convivii
1648 2008 1762 2048 celo-

409 2082 546 2125 bravit
569 2080 788 2138 mysteria,
817 2080 934 2136 quod
961 2080 1184 2136 Apostolos
1209 2078 1348 2128 misit,
1372 2093 1476 2122 voce
1501 2093 1647 2136 magna
1673 2078 1762 2119 cla·
1788 2082 1793 2094 ¹

412 2153 542 2195 mavit
564 2152 708 2194 dicens
731 2166 739 2192 :
767 2169 781 2188 «
806 2149 847 2191 Si
872 2150 962 2206 quis
987 2149 1092 2197 sitit,
1117 2149 1256 2191 veniat
1282 2151 1333 2192 ad
1359 2164 1450 2198 me,
1476 2158 1518 2192 et
1540 2147 1677 2191 bibat⁶
1697 2148 1716 2189 P
1735 2166 1750 2187 ιι

406 2225 516 2282 Ergo
547 2222 761 2279 sequentia
799 2222 1056 2278 respondent
1088 2221 1321 2278 prioribus,
1359 2229 1398 2262 ct
1436 2221 1561 2263 totins
1590 2234 1760 2263 cursum

410 2293 709 2337 incarnationis
733 2291 924 2333 videmus
948 2290 1179 2347 prophetice
1202 2290 1463 2348 expositione
1488 2291 1711 2345 digestum.

469 2363 627 2408 XCIX.
665 2363 792 2404 Multa
823 2362 898 2404 alia
921 2363 1173 2402 documenta
1198 2370 1349 2418 praesto
1371 2371 1653 2418 esscvpossent
1682 2361 1762 2403 hu-
1785 2345 1789 2358 ¹

409 2435 595 2497 jusmodi
619 2434 670 2476 de
694 2432 981 2475 incarnatione
1006 2432 1117 2474 dicta
1141 2432 1270 2474 videri
1292 2447 1300 2473 :
1321 2433 1393 2474 sed
1408 2447 1491 2474 non
1515 2432 1762 2475 meinvolvo

408 2508 527 2552 libris
542 2539 552 2555 ,
578 2520 630 2547 ne
648 2511 852 2545 tractatus
874 2502 1066 2544 videatur
1087 2517 1178 2544 esse
1201 2501 1401 2544 diffusior.

452 2616 462 2634 ¹
481 2608 578 2640 Joan.
594 2617 650 2640 vn.
670 2616 722 2638 20.
738 2623 777 2629 -—
795 2614 806 2629 ³
825 2604 908 2637 Psal·
926 2616 991 2639 xxi.
1015 2604 1062 2642 ¹3,
1083 2611 1113 2638 et
1136 2615 1184 2647 19.
1205 2622 1242 2630 —-
1263 2604 1274 2625 ³
1293 2603 1368 2637 lsai.
1390 2613 1460 2638 xcv.
1480 2621 1517 2629 -
1541 2605 1553 2632 4
1583 2614 1592 2636 1
1613 2602 1699 2637 Tim,
1724 2612 1754 2635 1.

397 2682 440 2690 —
458 2666 468 2686 ⁵
489 2659 722 2698 Prov.1x,1-4.
739 2677 777 2683 -
791 2659 807 2682 ὃ
825 2659 921 2691 Joan.
939 2668 1002 2698 vn,
1021 2658 1076 2702 57.

1786 2363 1789 2378 Ε

1786 2386 1791 2397 v

1797 446 1806 474 ;Ι
