1806 3256
519 308 569 336 nn
602 308 712 342 rins,
749 308 828 336 mn.
869 308 912 336 11.
1339 293 1398 352 69

40 384 282 446 praeferatis.
300 386 384 429 Sed
399 403 414 422 α
431 385 522 428 Non
545 393 606 427 est
625 399 769 427 servus
790 400 914 442 supra
938 382 1168 426 Dominum
1187 384 1351 428 suum'.
1376 405 1392 425 ι

43 457 234 513 Denique
255 465 296 498 et
330 455 371 497 in
399 470 524 497 carne
556 455 785 497 constituto
820 455 969 512 Angeli
1001 453 1320 504 ministrabant3
1356 464 1406 498 ut

38 528 553 584 ,nihileumagnoscasper
569 535 763 568 naturam
787 526 975 582 corporis
993 526 1282 568 imminutum.
1319 525 1404 568 Nm

44 611 126 654 que
147 596 257 638 enim
276 596 386 638 Deus
409 596 471 637 sui
494 596 577 653 pati
598 595 735 653 potuit
752 596 1073 644 detrimentum,
1099 610 1197 638 cum
1222 596 1263 637 id
1287 597 1402 652 quod

47 667 267 725 assumpsit
292 682 341 708 cx
364 666 553 722 Virgine,
578 681 656 709 nec
684 667 867 709 accessio
893 667 1045 709 divina:
1073 681 1152 709 nec
1183 666 1405 709 diminutio

46 738 265 796 potestatis
280 738 343 779 sit.

106 807 230 851 LXV.
269 807 361 851 Non
388 815 449 849 cst
475 821 574 863 ergo
598 808 831 849 secundum
854 806 1126 850 Divinitatem
1155 807 1310 854 minor,
1337 806 1408 862 qui

47 877 351 936 plenitudinem
381 877 506 919 habet
539 877 774 919 Divinitatis
807 886 849 919 et
884 878 1040 934 gloriae.
1073 878 1206 933 Major
1227 877 1339 919 enim
1366 885 1417 918 et

48 949 187 990 minor
215 948 253 988 in
285 948 331 989 iis
374 962 465 1003 quae
497 947 729 1004 corporalia
760 957 877 995 suut,
909 947 1106 1005 distingui
1136 949 1305 989 solent:
1337 955 1412 988 aut

50 1028 158 1061 statu
200 1018 356 1073 major,
400 1026 469 1058 aut
500 1017 786 1075 plenitudine,
819 1025 889 1059 aut
924 1027 1039 1059 certo
1081 1026 1216 1060 aetatO.
1249 1016 1412 1059 Yacant

51 1089 149 1135 ista,
179 1087 251 1129 ubi
274 1089 325 1128 de
350 1087 496 1129 divinis
517 1097 717 1129 tractatus
740 1089 966 1129 inducitur.
990 1088 1123 1143 Major
1140 1087 1252 1129 enim
1284 1088 1409 1144 vulgo

53 1158 133 1202 dici
160 1160 286 1206 solet,
308 1159 377 1214 qui
403 1158 581 1215 aliquem
614 1158 795 1200 instituit
825 1168 866 1200 et
898 1158 1097 1201 informat
1123 1174 1132 1200 z
1163 1159 1204 1200 in
1228 1157 1306 1200 Dei
1337 1173 1412 1199 an-

53 1239 136 1272 tem
161 1228 406 1285 sapientiam
430 1244 511 1269 uon
531 1228 667 1275 cadit,
690 1237 734 1269 ut
758 1229 946 1270 instituta
966 1229 1016 1270 sit
1041 1228 1210 1269 alterius
1230 1226 1412 1284 discipli-

54 1301 137 1348 1iis;
159 1314 255 1341 cnm
274 1299 358 1356 ipsa
378 1298 693 1356 disciplinarum
711 1299 899 1340 omnium
917 1298 1135 1340 tradiderit
1152 1298 1408 1340 institutum.

56 1370 192 1422 Quam
218 1369 325 1410 bene
362 1376 499 1422 autem
536 1369 674 1426 posuit
696 1369 922 1425 Apostolus
945 1384 953 1408 ι
988 1386 1002 1406 «
1022 1368 1183 1409 [tsine
1212 1368 1300 1409 Deo
1334 1381 1410 1424 pro

54 1439 279 1481 »omnibus
312 1446 496 1496 gustaret
526 1438 760 1486 mortom²;
790 1457 802 1476 n
824 1453 875 1479 ne
907 1437 1142 1480 Divinitatis
1171 1437 1285 1479 illam
1315 1452 1412 1494 pas«

57 1510 214 1552 sionem
235 1518 478 1566 putaremus
496 1509 622 1550 fuisso
638 1541 647 1556 ‚
671 1523 755 1549 non
780 1507 915 1549 carnis
934 1509 943 1549 l

115 1580 261 1623 LXVI.
298 1580 408 1637 Ergo
427 1580 459 1621 si
483 1595 567 1622 non
591 1579 841 1621 invenerunt
860 1579 1220 1635 quemadmodum
1243 1586 1416 1636 possent

58 1651 239 1708 probare-
262 1649 488 1706 majorem,
514 1666 595 1691 non
623 1649 758 1691 verbis
792 1649 1122 1698 calumnientur,
1151 1650 1225 1691 sed
1262 1648 1417 1690 verho-

61 1737 152 1764 1¹um
175 1721 378 1763 rationem
402 1721 630 1777 requirant.
658 1721 766 1777 Ergo
799 1720 890 1762 illos
917 1720 1128 1777 interrogo
1157 1734 1241 1776 quo
1264 1727 1416 1776 putent

61 1808 150 1834 esse
179 1792 412 1846 majorem?
441 1791 482 1832 Si
513 1792 605 1847 quia
641 1792 762 1832 Pater
794 1800 880 1838 cst,
916 1805 965 1831 eo
999 1790 1203 1846 majorem
1228 1798 1416 1847 putant:

63 1864 136 1904 sed
159 1878 241 1903 non
266 1861 334 1904 hie
357 1870 454 1903 setas
479 1870 518 1903 et
544 1872 706 1918 tenipus
723 1895 732 1909 ,
760 1876 894 1916 neque
916 1860 1089 1902 canities
1109 1859 1260 1907 Patris,
1285 1867 1322 1900 et
1345 1858 1421 1900 filii

64 1932 240 1989 pueritia
277 1940 361 1978 θεῖς
402 1931 490 1972 lizec
520 1930 630 1973 enim
658 1931 862 1984 majorem
894 1931 1030 1971 solent
1065 1930 1157 1971 sare
1182 1944 1206 1971 e
1236 1937 1412 1986 patrem.

66 2002 273 2044 Caetcrum
310 2010 426 2057 pater
465 2008 506 2041 et
541 2000 650 2041 silius
671 2001 910 2057 generantis
933 2009 975 2042 et
996 2000 1080 2041 nati
1099 2000 1267 2041 nomina
1292 2007 1417 2046 sunt,

66 2087 157 2129 quae
178 2086 260 2112 non
286 2071 480 2111 videntur
497 2085 712 2126 separare,
730 2069 802 2111 scd
828 2069 1028 2126 jungere3
1049 2084 1134 2111 non
1157 2069 1269 2110 euim
1289 2069 1420 2125 pietas

68 2149 226 2182 naturae
251 2139 549 2181 detrimentum
574 2148 666 2181 est:
693 2154 878 2195 namque
911 2138 1101 2180 homines
1135 2138 1215 2181 sibi
1244 2138 1423 2182 invicem

69 2210 266 2254 conciliat
287 2211 553 2252 necessitudo
573 2241 584 2258 ,
608 2225 689 2251 non
709 2217 886 2266 separat.

126 2280 293 2324 LXVII.
331 2281 476 2336 Itaque
506 2281 538 2322 si
573 2296 652 2321 nec
692 2281 743 2321 de
780 2289 928 2321 natura
966 2279 1115 2320 afferre
1147 2287 1321 2336 possunt
1355 2279 1426 2320 uli-

70 2366 196 2408 quam
222 2350 520 2406 quaestionem,
548 2351 611 2392 vel
636 2350 882 2391 testimoniis
912 2351 1097 2392 credant.
1132 2349 1324 2405 Denique
1353 2350 1427 2391 Fi-

71 2423 175 2466 lium
203 2437 287 2462 non
317 2436 404 2462 esse
435 2436 484 2462 eo
518 2421 726 2463 minorem
743 2453 753 2469 ,
777 2420 874 2478 quia
897 2420 1028 2462 Filius
1052 2427 1135 2466 est,
1160 2419 1427 2475 Evangelista

75 2501 273 2539 testatum
299 2500 339 2533 et
357 2493 558 2548 aeqnalem
578 2507 691 2540 csse,
715 2492 810 2548 quia
834 2491 962 2532 Filius
983 2498 1073 2537 est,
1105 2490 1193 2546 ipse
1219 2488 1428 2546 significat

77 2562 218 2607 dicens
239 2577 247 2603 ε
275 2562 536 2620 «Propterea
561 2563 674 2604 enim
699 2562 896 2607 volebant-
924 2575 1021 2604 eum
1046 2559 1241 2603 occidere
1263 2559 1425 2607 Judaei,

122 2663 130 2678 ¹
159 2655 274 2687 Metui.
294 2665 323 2691 x,
340 2654 447 2693 ,aia-
463 2663 474 2678 ²
497 2654 598 2693 llcbr.
618 2667 655 2697 u,
679 2667 709 2697 9.
