1806 3256
404 270 482 313 106
960 287 988 312 s.
1031 285 1219 313 AMBnosll

395 362 520 420 igitur
551 378 651 412 suo,
679 363 794 420 quasi
836 364 989 408 homo,
1025 363 1229 406 Dominus
1270 378 1345 405 nos
1381 364 1584 413 redemit:
1613 365 1746 409 idem·

396 449 478 489 que
494 465 505 481 ‚
528 434 642 490 qnasi
666 434 776 474 Deus
793 464 802 480 ‚
831 440 999 488 peccata
1018 432 1201 474 donavit.

456 502 673 545 XXXVII.
719 502 809 543 'Non
835 517 933 558 ergo
963 501 1004 542 in
1041 502 1175 543 verbis
1210 505 1409 559 quasdam
1442 503 1746 546 constituamus

398 571 592 619 insidias,
612 580 653 612 et
676 572 898 612 verborum
925 571 1156 612 tendiculas
1184 586 1467 628 aucupemur;
1499 581 1544 614 ut
1580 573 1676 629 quia
1704 582 1746 616 et

403 643 513 684 aliud
537 643 770 684 secundum
796 641 943 698 impios
961 641 1195 698 significare
1212 651 1381 699 putatur
1395 657 1531 684 sermo
1547 644 1617 700 qui
1643 645 1746 702 legi-

399 722 482 760 tur,
504 727 588 753 non
612 712 652 752 id
672 713 785 768 quod
804 726 950 753 sensus
969 711 1206 768 exprimat,
1228 713 1301 754 sed
1324 714 1435 768 quod
1452 713 1590 755 littera
1611 723 1746 756 osten-

396 783 488 830 dat,
519 781 856 837 interpretemur.
893 780 960 822 Sic
993 780 1209 838 perierunt
1233 781 1391 830 Judaei,
1416 782 1516 823 dum
1547 797 1745 825 sensuum

395 852 603 909 profunda
622 851 882 908 despiciunt,
907 859 1201 907 et-sequuntur
1223 852 1334 892 nuda
1356 851 1607 901 verborum3
1633 851 1745 895 «Lit-

397 931 513 965 »tera
536 923 647 964 enim
671 922 850 970 occidit,
870 921 1040 979 spiritus
1063 930 1202 964 autem
1220 921 1440 964 vivfiicat&
1466 941 1481 961 »

453 991 694 1034 XXXVIII.
721 992 772 1033 Et
791 1001 932 1033 tamen
950 991 1059 1032 inter
1077 990 1160 1032 duo
1176 990 1315 1048 gravia
1334 991 1546 1049 sacrilegia
1569 991 1744 1035 sortasse

393 1061 677 1103 detestabilius
700 1061 751 1102 sit
775 1061 826 1102 ad
860 1060 1130 1102 Divinitatem
1154 1061 1308 1102 referre
1338 1076 1428 1117 quae
1456 1061 1593 1103 carnis
1619 1069 1741 1113 sunt,

397 1146 523 1186 qnam
559 1132 609 1172 ad
642 1131 824 1172 litteram
858 1130 1014 1171 referre
1042 1145 1134 1186 quoe
1171 1130 1339 1187 spiritus
1361 1140 1469 1172 sunt.
1502 1131 1565 1172 Illi
1589 1131 1743 1175 timue-

393 1211 491 1242 runt
518 1202 559 1242 in
588 1202 677 1243 Deo
707 1216 877 1242 carnem
904 1202 1100 1249 credere;
1129 1209 1170 1242 et
1199 1201 1292 1242 ideo
1316 1202 1617 1258 redemptionis
1648 1219 1744 1261 gra-

393 1271 490 1312 tiam
532 1271 839 1327 perdiderunt,
877 1271 972 1327 quia
1010 1286 1177 1312 causam
1216 1272 1358 1312 salutis
1395 1270 1591 1326 abjurant
1622 1287 1631 1314 :
1676 1273 1742 1315 isti

394 1340 630 1383 Divinitatis
649 1341 911 1395 maiestatem
936 1352 1067 1396 usque
1091 1342 1141 1382 ad
1159 1341 1295 1382 carnis
1318 1339 1482 1383 infirma
1507 1342 1739 1385 deducunt.

391 1411 633 1454 Detestandi
652 1411 781 1452 Judaei
797 1444 807 1460 ,
833 1411 902 1467 qui
926 1425 1096 1452 carnem
1121 1410 1290 1452 Domini
1311 1409 1644 1452 crucifixerunt:
1675 1412 1743 1452 de-

392 1481 669 1523 testabiliores
695 1490 832 1522 tamen
861 1496 933 1521 eos
957 1480 1152 1528 arbitror,
1185 1481 1258 1536 qni
1287 1479 1555 1522 Divinitatem
1587 1480 1742 1523 Christi

389 1551 507 1593 eruci
539 1551 750 1593 subditam
787 1550 1070 1593 crediderunt.
1108 1550 1298 1607 Denique
1343 1550 1414 1607 qui
1454 1565 1551 1592 cum
1584 1550 1741 1593 Judaeis

390 1637 500 1678 saepe
519 1622 722 1663 tractabat
742 1636 750 1661 :
779 1639 793 1657 a
814 1621 1067 1663 Haereticum
1084 1653 1095 1669 ,
1123 1621 1278 1676 inquit,
1303 1633 1397 1678 post
1415 1635 1540 1662 unam
1568 1635 1741 1678 correp-

389 1693 576 1734 »tionem
596 1691 772 1733 devita2.
801 1710 815 1729 »

445 1762 649 1804 XXXIX.
688 1761 774 1803 Nec
805 1769 944 1803 tamen
978 1761 1067 1802 sine
1101 1761 1252 1817 injuria
1282 1761 1414 1803 Patris
1440 1761 1597 1803 sactum
1619 1761 1740 1804 nobis

387 1847 476 1873 esse
498 1831 759 1889 sapientiam,
780 1831 830 1872 ad
853 1833 964 1872 illam
990 1832 1330 1879 inenarrabilem,
1354 1847 1431 1873 nec
1456 1832 1550 1873 ullis
1571 1839 1741 1889 tempo-

391 1902 504 1943 ribus
523 1902 831 1956 momentisque
850 1902 1072 1942 obnoxiam
1099 1902 1252 1943 Christi
1271 1902 1583 1958 generationem
1609 1902 1740 1943 sacri-

385 1974 474 2029 lega
507 1973 852 2029 interpretatione
888 1973 1088 2014 derivant.
1119 1973 1221 2015 Nam
1257 1981 1408 2029 praeter
1432 1973 1474 2014 id
1504 1972 1616 2029 quod
1644 1972 1738 2014 Filii

386 2043 537 2098 injuria
558 2043 688 2084 Patris
710 2051 772 2084 est
795 2044 1048 2084 contumelia
1065 2076 1073 2090 ‚
1102 2043 1227 2085 etiam
1262 2043 1302 2084 in
1336 2043 1500 2084 Patrem
1522 2042 1737 2099 sacrilegia

387 2115 460 2156 ista
490 2115 749 2170 procedunt,
775 2116 824 2155 <lo
856 2130 938 2169 qno
961 2115 1165 2171 scriptum
1189 2122 1277 2156 est:
1308 2114 1432 2156 «Fiat
1461 2122 1600 2155 autom
1623 2114 1736 2155 Deus

389 2199 560 2231 »verax>
594 2185 730 2225 omnis
766 2193 903 2225 autem
939 2184 1064 2225 homo
1100 2183 1319 2226 nmndax³.
1343 2202 1359 2223 »
1382 2183 1466 2225 Aut
1491 2183 1522 2224 si
1551 2183 1602 2224 de
1630 2183 1737 2225 Filio

384 2262 536 2311 putant
571 2254 758 2301 dictum,
798 2254 1058 2309 generationi
1095 2254 1267 2310 quidem
1302 2268 1384 2295 non
1428 2252 1735 2310 praejudicant:

383 2324 516 2365 Deum
539 2331 677 2364 autem
705 2332 746 2365 et
778 2323 913 2364 Deum
941 2339 1087 2365 verum
1112 2323 1238 2379 hujus
1265 2322 1458 2365 lectionis
1486 2322 1736 2364 auctoritate

384 2394 496 2449 quod
516 2393 727 2438 abnuunt,
752 2392 1020 2435 confitentur.

437 2464 527 2506 XL.
565 2464 775 2506 Prolixum
804 2473 867 2507 est
896 2466 927 2506 si
957 2465 1079 2507 velim
1105 2465 1266 2522 singula
1296 2479 1539 2514 recensere,
1571 2462 1734 2521 quoties

379 2536 536 2579 factum
557 2536 782 2592 legerimus
797 2569 807 2585 ,
833 2551 917 2580 non
942 2536 1085 2592 utique
1108 2551 1183 2593 per
1206 2545 1396 2578 naturam
1415 2568 1425 2586 ,
1445 2535 1516 2581 sed
1546 2549 1620 2593 pei·
1642 2550 1733 2592 gra-

427 2637 474 2658 12
492 2627 558 2658 Cor
589 2639 638 2666 11¹,
658 2629 689 2658 6.
709 2646 745 2651 --
767 2638 776 2651 ⁸
806 2629 870 2660 Tit.
890 2639 938 2661 m.
962 2640 1008 2659 io.
1029 2646 1066 2652 -
1087 2629 1097 2650 3
1119 2628 1211 2659 Rom.
1233 2638 1279 2658 nr.
1297 2628 1328 2664 li.
