1768 3283
341 301 426 350 424
894 317 924 342 s,
965 317 1154 343 Animos-11

339 389 443 430 vince
459 392 671 446 potestatis
683 390 1080 448 comprehendimus
1099 392 1314 435 unitatem.
1337 394 1506 442 «Pater,
1533 394 1680 451 inquit,

339 461 482 515 »quod
514 461 628 502 dedit
660 461 785 509 inihi,
823 461 957 516 majus
988 462 1184 502 omnibus
1210 472 1300 504 cst:
1331 472 1371 505 et
1393 479 1517 505 nemo
1550 474 1685 521 potest

339 545 515 587 »rapere
540 546 585 572 ea
617 533 666 572 de
690 547 814 572 manu
842 532 973 573 Patris
996 532 1090 574 mei.
1120 532 1206 589 Ego
1243 541 1283 574 et
1313 534 1435 574 Pater
1461 550 1590 575 unum
1613 551 1684 576 su-

338 600 500 642 »mus'.
528 600 671 642 »Nam
703 600 734 641 si
769 610 882 642 recte
915 617 1036 658 supra
1076 603 1361 644 ostendimus²
1400 618 1572 644 manum
1608 604 1684 646 Dei

336 684 424 710 esse
448 670 648 726 Spiritum
674 679 886 718 sanctum,
912 673 1058 712 eadem
1090 673 1234 727 utique
1265 688 1411 714 manus
1439 674 1572 715 Patris
1591 682 1682 723 est,

336 754 427 793 quae
451 739 544 780 Filii
577 748 638 780 est
673 755 845 788 manus3
871 741 1068 796 quoniam
1097 742 1207 783 idem
1232 741 1409 798 Spiritus
1431 743 1587 791 Patris,
1614 744 1684 800 qui

335 807 511 864 Spiritus
534 809 627 850 Filii
645 819 717 851 est.
747 811 844 850 Ideo
867 811 976 852 sicut
996 826 1079 852 non
1103 813 1262 867 rapitur
1284 812 1414 860 Patri,
1436 813 1490 853 ita
1512 827 1593 854 non
1616 828 1685 854 ra-

334 878 447 934 pitur
460 879 582 926 Filio,
608 880 660 919 ita
685 895 767 920 non
792 881 952 936 rapitur
975 890 1017 922 et.
1034 881 1471 938 Spirituiquicumque
1494 884 1544 924 de
1565 883 1684 925 nobis

336 949 376 989 in
399 949 482 990 hoc
504 949 672 990 nomine
694 950 908 991 Trinitatis
932 951 1054 992 vitam
1077 951 1229 1008 accipit
1249 960 1459 994 aeternam.

393 1018 560 1060 CXVII.
600 1019 659 1059 Ex
682 1020 768 1075 ipso
800 1028 937 1060 antem
963 1022 1075 1075 quod
1103 1028 1145 1061 et
1167 1021 1328 1062 dedisse
1355 1021 1460 1062 Filio
1481 1022 1617 1069 Pater,
1644 1031 1686 1064 et

335 1088 543 1143 accepisse
569 1104 588 1128 a
613 1089 719 1129 Filio
744 1087 921 1145 Spiritus
941 1090 1118 1137 dicitur,-
1138 1090 1234 1145 quia
1255 1090 1459 1146 scriptum
1478 1099 1562 1133 est:
1579 1109 1594 1129 «
1611 1092 1685 1133 Ille

334 1171 430 1197 »me
460 1156 734 1205 clarificabit,
770 1159 865 1213 quia
896 1159 947 1200 de
976 1174 1069 1201 meo
1102 1159 1304 1216 accipiet,
1344 1167 1386 1201 et
1421 1160 1686 1203 annuntiabit

333 1227 501 1269 »vobiSS
526 1247 540 1266 »
567 1229 701 1283 (quod
729 1229 779 1269 de
802 1243 976 1270 munere
998 1229 1127 1286 magis
1155 1230 1475 1286 dispensationis
1499 1231 1681 1280 videtur,

331 1313 456 1354 quam
487 1299 537 1338 de
564 1298 780 1354 potestatis
814 1297 962 1340 divinae
984 1298 1076 1354 jure
1104 1299 1277 1348 dixisse,
1307 1300 1403 1356 quia
1431 1315 1536 1357 quos
1553 1300 1683 1342 Filius

331 1369 509 1410 redemit
536 1367 714 1425 Spiritus
739 1383 907 1424 quoque
935 1368 1273 1410 sanctificaturus
1310 1371 1495 1427 accepit)
1526 1386 1574 1412 ex
1596 1370 1682 1412 istis

331 1437 454 1494 ipsis,
485 1437 678 1493 inquam,
708 1438 843 1479 verbis
884 1439 934 1479 de
966 1439 1116 1494 quibus
1149 1440 1405 1481 calumniam
1440 1441 1680 1489 instruunt,

329 1507 465 1548 unitas
483 1508 718 1549 Divinitatis
737 1509 982 1556 advertitur,
1009 1524 1091 1550 non
1116 1508 1344 1566 indigentia
1366 1510 1579 1566 largitatis.

387 1576 574 1619 CXVIII.
616 1578 741 1618 Dedit
763 1578 884 1619 Pater
905 1593 980 1634 per
1002 1580 1333 1634 generationem,
1354 1594 1436 1619 non
1457 1595 1534 1636 per
1554 1580 1682 1637 adop-

331 1650 485 1691 tionem
515 1664 523 1689 ε
553 1650 667 1689 dedit
688 1649 803 1704 quasi
825 1649 865 1689 id
881 1650 995 1703 quod
1016 1660 1122 1691 esset
1146 1650 1184 1690 in
1210 1650 1299 1706 ipso
1317 1651 1464 1690 divinae
1487 1650 1582 1706 jure
1605 1666 1676 1692 na-

329 1729 453 1768 turae,
475 1734 558 1760 nen
577 1720 691 1775 quasi
715 1719 973 1760 liberalitatis
996 1721 1124 1775 gratia
1141 1752 1151 1767 ,
1179 1722 1293 1776 quod
1315 1722 1490 1763 deesset.
1514 1721 1566 1763 Et
1587 1722 1680 1764 ideo

327 1789 421 1845 quia
447 1789 505 1830 sic
531 1789 709 1844 acquirit
726 1788 855 1829 Filius
880 1789 1055 1845 populos
1086 1798 1128 1830 ut
1151 1790 1289 1839 Pater,
1316 1791 1373 1831 sic
1398 1789 1579 1832 vivificat
1608 1791 1680 1833 Fi-

326 1860 404 1901 lius
427 1867 469 1900 ut
494 1859 630 1905 Pater,
654 1859 934 1914 :equalitatem
955 1874 1071 1899 suam
1090 1860 1138 1900 ad
1161 1860 1326 1901 Patrem
1351 1860 1510 1902 unitate
1538 1869 1679 1917 potes-

328 1931 420 1973 tatis
451 1929 653 1985 expressit
683 1929 825 1970 dicens
857 1946 865 1968 ε
907 1947 921 1966 κ
947 1930 1034 1985 Ego
1069 1939 1110 1971 et
1141 1930 1262 1972 Pater
1304 1946 1436 1972 unum
1468 1947 1625 1973 sumus.
1653 1951 1667 1971 n

328 2001 434 2043 Cum
464 2000 576 2041 enim
616 1999 738 2046 dicit,
765 2016 778 2036 «
798 1999 883 2054 Ego
915 2008 956 2040 et
992 2000 1129 2046 Pater,
1156 2019 1171 2038 »
1195 2003 1402 2042 revelatur
1433 2002 1673 2057 aequalitas:

326 2086 422 2114 eum
452 2070 573 2117 dicit,
599 2070 771 2110 «Unum
795 2085 963 2118 sumus,
992 2089 1006 2108 »
1034 2071 1171 2112 unitas
1210 2073 1457 2113 declaratur.
1499 2072 1679 2128 AEquali·

326 2151 386 2185 tas
409 2141 697 2183 confusionem
722 2139 930 2187 excludit,
949 2141 1083 2182 unitas
1101 2143 1407 2198 separationem
1430 2155 1439 2184 ε
1465 2143 1676 2198 aequalitas

323 2215 488 2256 Patrem
516 2212 754 2267 Filiumque
788 2211 1029 2267 distinguit,
1066 2212 1203 2253 unitas
1240 2213 1406 2254 Patrem
1437 2213 1675 2269 Filiumque

324 2297 409 2325 non
429 2289 604 2337 separat.

383 2352 538 2394 CXIX.
577 2352 685 2407 Ergo
713 2366 808 2392 eum
832 2351 954 2399 dicit,
984 2369 998 2389 «
1017 2352 1102 2408 Ege
1123 2361 1164 2393 et
1186 2353 1322 2400 Pater,
1346 2370 1362 2391 »
1384 2352 1669 2395 Sabellianum

324 2423 511 2480 repellit3
536 2422 631 2478 quia
655 2422 779 2463 alium
799 2437 841 2462 se
857 2455 866 2470 ,
892 2422 1016 2462 alium
1039 2423 1204 2463 Patrem
1230 2424 1358 2464 dixit:
1385 2424 1550 2480 repellit
1570 2423 1674 2465 Pho-

323 2494 553 2541 finianum,
580 2492 675 2549 quia
698 2507 741 2533 se
767 2507 862 2533 cum
884 2496 974 2533 Deo
996 2492 1114 2534 Patre
1136 2493 1285 2549 junxit.
1328 2494 1424 2535 Illos
1453 2494 1673 2550 superiori-

321 2566 400 2607 bus
435 2563 625 2621 repellit,
658 2563 752 2619 quia
792 2563 915 2611 dixit,
945 2581 960 2601 α
988 2563 1074 2620 Ego
1111 2572 1152 2605 et
1192 2564 1339 2606 Pater:
1367 2563 1670 2606 »inferioribus

369 2663 377 2677 ι
399 2653 494 2685 Joan.
513 2663 541 2687 x.
563 2664 612 2695 29.
627 2671 666 2676 —
683 2661 695 2675 ²
715 2652 798 2686 Vide
816 2653 871 2685 lib.
891 2665 944 2692 ιιι,
960 2663 1030 2695 cap.
1047 2654 1079 2686 5.
1104 2672 1144 2678 —-
1159 2654 1170 2676 ³
1188 2653 1284 2687 Joan.
1304 2652 1441 2692 xv=,14.
