1768 3283
649 313 785 341 ffinssx.
1320 300 1397 341 521

102 391 175 423 dem
199 390 276 432 ignis
293 390 324 422 iu
341 390 458 434 Moysis
473 390 553 422 rubo
564 414 571 426 ,
609 390 639 421 in
655 389 768 431 linguis
780 388 934 421 flammeis
946 411 955 424 ‚
971 393 1002 421 et
1014 388 1045 420 in
1059 389 1176 429 lagenis
1187 389 1319 421 Gedeo-

104 446 153 476 nis
169 444 268 487 figura
283 444 402 476 extitit.
429 444 548 486 Negari
564 455 628 476 non
648 455 741 486 posse
757 443 898 485 ejusdem
923 442 1061 485 Spiritus
1084 442 1291 474 Divinitatem
1309 464 1319 480 ,

103 507 174 528 cum
186 497 295 528 eadem
311 497 351 530 sit
366 499 434 540 ejus
446 521 455 538 ,
472 508 542 539 quae
557 497 660 530 Patris
670 503 702 529 et
718 497 792 529 Filii
813 496 961 539 operatio
973 519 982 536 ‚
1003 506 1061 527 nec
1077 505 1140 527 non
1157 494 1317 526 Dominici

100 550 204 583 vultus
218 551 325 582 lumen
342 550 486 593 ignisque
503 551 706 594 praedicetur.
1342 547 1404 578 518

57 605 166 636 Cnnr
190 604 267 637 XV.
293 604 448 647 Spiritum
464 610 606 636 sanctum
622 615 711 647 aeque
726 615 762 636 ac
775 604 906 636 Patrem
925 609 958 636 et
980 603 1099 635 Filium
1116 602 1213 635 vitam
1232 611 1318 638 esse;

102 658 164 689 imo
176 668 252 689 vero
268 658 333 690 sive
346 658 440 690 Pater
450 658 660 700 intelligatur,
679 657 762 700 apud
774 668 869 700 quem
883 663 928 690 est
946 657 1015 689 sons
1032 657 1117 694 vitae,
1127 657 1191 688 sive
1204 656 1316 696 Filius,

99 710 316 742 fontemillum
334 711 421 742 aliud
438 722 503 743 non
517 722 583 744 esse
596 722 692 754 quam
710 710 876 754 Spiritum.
1341 717 1400 739 021

59 765 172 796 CArur
189 766 283 797 XVI.
314 766 469 807 Spiritum
485 771 628 798 sanctum
649 766 767 797 flumen
791 776 856 798 esse
883 776 1052 807 magnum,
1079 764 1167 805 cujus
1188 773 1320 795 munere

102 818 230 861 mystica
253 819 428 850 Jerusalem
456 819 614 861 irrigatur.
643 819 802 851 Eumdem
823 819 903 850 fonti
921 829 997 852 suo.
1024 818 1056 849 id
1085 823 1150 856 est,
1174 815 1263 848 Patri
1284 827 1320 848 ac

105 871 187 902 Filio
199 872 354 915 aequalzm
371 883 454 909 csse.
469 878 565 915 atque
583 873 615 903 in
631 872 798 914 Scriptura
811 870 993 913 significari.
1016 871 1104 902 Illius
1122 881 1236 913 aquam
1252 869 1320 901 sitit

105 926 227 957 Doctor
243 931 367 958 sanctus
384 939 391 957 :
413 926 467 958 sed
486 931 519 958 ut
541 936 576 957 ea
593 931 799 958 conservetur
813 926 844 956 in
860 925 952 957 nobis
965 947 974 964 ‚
991 924 1172 964 diabolum,
1196 922 1322 966 cupidi-

104 983 219 1018 tatem,
236 989 272 1011 ac
290 980 433 1011 baeresim
447 980 599 1012 admonet
611 979 705 1012 vitari
721 985 888 1022 oportere3
905 989 976 1011 cum
990 978 1084 1010 nobis
1097 988 1168 1010 vasa
1183 977 1246 1009 sint
1260 976 1322 1008 sra-

104 1032 176 1073 gilia
192 1044 199 1064 ε
221 1033 411 1066 deserendos
427 1035 524 1067 etiam
543 1036 698 1067 contritos
712 1036 797 1067 lacus
812 1057 822 1073 ,
842 1040 878 1067 ut
896 1032 1024 1065 Domini
1042 1042 1155 1075 aquam
1182 1031 1321 1063 Samari-

104 1092 186 1118 tanae
202 1087 520 1131 Patriarcharumque
533 1089 678 1132 exemplo
694 1089 903 1120 inveniamus.
1345 1083 1405 1114 5²0

61 1141 159 1173 Linea
181 1142 225 1173 11.
251 1142 415 1184 Prologus.
438 1143 519 1174 Tres
540 1143 663 1174 divinas
679 1152 828 1185 personas
853 1147 888 1175 ut
907 1140 1018 1183 priscis
1036 1138 1196 1183 judicibus
1221 1138 1264 1170 ita
1290 1143 1323 1170 et

104 1195 206 1238 Moysi
221 1206 285 1227 non
301 1196 396 1228 fuisse
413 1196 536 1238 ignotas
554 1208 561 1227 :
577 1197 767 1229 declaratam
783 1196 882 1229 etiam
905 1206 977 1227 cum
998 1194 1073 1226 alibi
1093 1199 1159 1225 tum
1177 1192 1261 1235 apud
1285 1191 1323 1223 il-

105 1249 168 1280 lum
184 1250 256 1280 Filii
272 1260 343 1281 cum
361 1251 454 1283 Patre
466 1273 475 1287 .
490 1261 553 1282 non
568 1260 658 1282 secus
671 1250 710 1281 ad
725 1250 820 1282 trium
838 1250 921 1281 inter
934 1259 966 1280 se
977 1248 1204 1290 aequalitatem.
1221 1245 1324 1288 Spiri-

104 1308 170 1334 tum
184 1309 326 1336 sanctum
343 1304 470 1335 affuisse
488 1305 630 1336 Samsoni
652 1327 661 1338 .
677 1304 766 1345 cujus
784 1303 933 1345 deinceps
949 1301 1149 1344 percurritur
1162 1300 1240 1332 mira
1254 1299 1324 1330 bis-

105 1356 204 1387 toria.
226 1362 260 1389 et
287 1357 384 1389 variis
406 1358 555 1390 Ecclesiae
579 1358 737 1401 mysteriis
756 1362 896 1400 aptatur.
922 1356 1045 1388 Eodem
1071 1361 1177 1386 autem
1202 1352 1325 1395 Spiritu

106 1411 274 1444 recedente
285 1436 293 1448 ,
311 1412 414 1454 ipsum
428 1412 460 1444 in
476 1413 669 1454 multiplices
689 1412 836 1444 incidisse
848 1411 1043 1443 calamitates
1055 1434 1062 1446 ‚
1080 1408 1164 1452 quod
1181 1406 1327 1440 resecatis

104 1464 225 1506 capillis
245 1475 283 1496 ne
299 1465 473 1505 tribuatur,
486 1466 646 1509 spiritales
664 1466 792 1497 illorum
809 1463 1057 1507 significationes
1073 1461 1224 1506 proponit
1248 1461 1325 1493 Am-

105 1518 238 1551 brosius.
1349 1513 1412 1544 328

64 1572 178 1605 Carm-
204 1574 232 1606 I.
259 1574 415 1617 Spiritum
428 1575 562 1608 Domini
579 1576 676 1608 etiam
690 1575 865 1608 Dominum
882 1585 918 1606 ac
935 1574 1088 1608 virtutem
1104 1583 1189 1611 esse,
1212 1574 1271 1604 ne'c
1287 1570 1320 1602 in

106 1629 167 1661 hoc
179 1629 261 1661 Patri
274 1630 322 1661 vel
334 1630 415 1661 Filio
427 1630 624 1662 inferiorem.
1351 1624 1413 1655 533

63 1684 172 1717 Cum
200 1685 249 1716 ΙΙ.
273 1685 383 1717 Unum
400 1696 464 1717 es⁶e
477 1685 581 1717 Patris
594 1691 626 1718 et
636 1684 707 1716 Filii
724 1689 755 1717 et
772 1683 910 1727 Spiritus
924 1682 1022 1715 sancti
1040 1681 1219 1713 consilium.
1352 1678 1415 1717 554

65 1740 178 1770 CAPUT
197 1740 268 1771 ΙΙΙ.
295 1739 384 1772 Sicut
399 1742 463 1772 vita
480 1745 526 1772 est
542 1749 732 1781 cognoscere
746 1739 875 1771 Patrem
892 1743 924 1770 et
938 1737 1070 1775 Filium,
1090 1736 1135 1768 ita
1150 1735 1247 1767 vitam
1264 1744 1331 1766 esse

107 1804 294 1836 cognoscere
311 1794 467 1838 Spiritum
487 1800 630 1827 sanctum
650 1805 658 1830 ;
684 1793 884 1837 proindeque
903 1803 920 1824 a
940 1791 1045 1824 Patris
1065 1790 1243 1822 Divinitate
1263 1799 1328 1820 non

107 1849 328 1891 separandum.
1353 1842 1414 1874 556

66 1904 176 1935 Cum
193 1903 252 1934 IV.
268 1902 422 1945 Spiritum
434 1908 578 1936 sanctum
592 1913 656 1934 non
673 1912 760 1934 secus
777 1912 812 1933 ac
823 1901 951 1933 Patrem
965 1905 997 1932 et
1012 1899 1129 1931 Filium
1143 1897 1330 1942 operatione

109 1969 172 1989 non
187 1958 308 1990 diversa
323 1957 494 1991 vivificare.
1355 1952 1417 1994 537

68 2012 177 2043 CAPUT
196 2011 238 2043 V.
271 2011 360 2044 Sicut
381 2012 511 2044 Patrem
525 2021 561 2042 ac
586 2010 723 2049 Filium,
748 2010 791 2042 ita
810 2010 906 2043 etiam
927 2009 1084 2052 Spiritum
1107 2013 1282 2040 creatorem
1298 2007 1331 2039 in

112 2066 278 2109 Scriptura
292 2065 473 2107 significari.
499 2067 572 2098 Hoc
590 2066 693 2108 ipsum
711 2075 727 2097 a
742 2065 880 2106 Paganis
898 2074 1027 2107 quoque
1046 2061 1255 2104 scriptoribus
1273 2061 1332 2092 ad-

111 2120 292 2153 umbratum
305 2132 312 2151 :
327 2121 379 2153 sed
397 2119 576 2163 planissime
589 2119 839 2151 demonstratum
853 2129 918 2151 esse
932 2118 964 2149 in
979 2117 1128 2161 mysterio
1143 2115 1335 2148 incarnatio·

112 2175 161 2206 nis
173 2199 181 2212 ‚
203 2176 241 2207 de
261 2187 322 2218 qua
338 2175 391 2207 ubi
407 2175 560 2207 delibavit
576 2174 763 2206 Ambrosius
779 2173 945 2212 nonnulla,
963 2177 1100 2215 coeptum
1114 2176 1334 2213 argumentum

112 2239 151 2260 ex
167 2240 205 2261 eo
222 2230 306 2272 quod
321 2229 481 2264 adoratio,
505 2239 575 2271 quae
591 2228 647 2260 soli
662 2227 797 2259 debetur
814 2226 975 2266 Creatori,
1007 2225 1102 2257 etiam
1122 2224 1253 2267 Spiritui
1277 2223 1334 2255 dc-

113 2282 239 2322 beatur,
253 2283 434 2316 confirmat.
1358 2276 1420 2307 558

72 2339 186 2369 ΟΛΡυ-ι·
201 2338 261 2370 VI.
292 2337 528 2380 Objicientibus
549 2347 586 2369 ex
608 2336 713 2368 verbis
735 2336 832 2368 Amos
847 2334 947 2367 creari
965 2333 1141 2376 Spiritum,
1167 2333 1335 2375 reponitur

117 2391 197 2423 hanc
221 2402 329 2423 vocem
353 2391 417 2422 illic
431 2389 671 2431 intelligendam
687 2389 727 2421 de
746 2394 864 2428 vento,
880 2387 934 2431 qui
948 2387 1060 2429 saepius
1075 2391 1202 2418 creatur
1224 2397 1231 2417 :
1250 2385 1337 2428 quod

116 2456 189 2477 sane
201 2445 262 2477 dici
280 2456 343 2477 non
361 2449 466 2487 potest
475 2443 514 2475 de
523 2444 648 2486 Spiritu
661 2449 788 2479 sancto;
805 2442 926 2485 quippe
941 2441 993 2484 qui
1009 2446 1041 2474 et
1049 2446 1184 2473 aeternus
1200 2440 1261 2478 sit,
1280 2450 1338 2472 nec

117 2505 219 2532 morte
232 2523 239 2534 ‚
256 2504 310 2532 aut
326 2497 474 2531 haeretica
491 2498 523 2529 in
538 2497 666 2529 Patrem
680 2496 839 2529 refusione
854 2495 967 2528 resolvi
994 2494 1104 2537 possit.
1122 2492 1217 2533 Quod
1239 2492 1264 2524 si
1283 2503 1336 2524 ur-

119 2558 212 2595 geant
225 2552 420 2595 pervicacius
436 2550 587 2584 eumdem
601 2551 708 2583 locum
722 2549 762 2582 de
782 2549 906 2592 Spiritu
928 2553 1039 2581 sancto
1057 2547 1209 2589 scriptum
1227 2545 1339 2583 fuisse,

120 2607 210 2639 docet
221 2605 449 2639 recurrendum
463 2605 504 2637 ad
517 2604 748 2647 expositionem
764 2602 983 2646 spiritualetm
997 2601 1163 2634 Christum
1177 2599 1264 2633 enim
1280 2599 1334 2632 ad-
