1806 3256
510 264 561 295 ΒΕ
593 267 703 300 rum,
738 266 816 293 Lm.
856 266 899 293 11.
1325 270 1379 311 79

36 359 226 393 carnem,
264 352 310 386 ut
339 345 578 386 ostenderet
612 344 746 400 legem
776 342 912 385 carnis
944 343 1025 399 legi
1053 358 1142 384 esse
1174 345 1384 388 subditam

35 414 198 456 mentis.
237 413 430 471 Suscepit
457 428 650 462 carnem,
685 422 730 455 ut
761 413 878 469 quasi
913 412 1039 455 homo
1079 413 1289 461 vinceret,
1314 415 1385 472 qui

35 483 225 538 homines
248 484 446 525 erudiret.

91 553 203 596 XCI.
245 553 360 604 Quid
382 553 483 595 mihi
506 555 740 611 prodesset,
761 552 792 594 si
810 552 929 609 quasi
954 554 1064 594 Deus
1088 562 1227 595 exerta
1252 564 1388 611 potes-

35 631 118 665 tate
138 622 407 664 Divinitatem
427 638 544 665 suam
569 624 862 665 tantummodo
882 622 1163 665 inviolabilem
1186 625 1386 667 demons-

34 691 211 733 trasset?
245 691 328 733 Aut
360 707 436 734 cur
465 691 698 749 susciperet
729 707 927 741 carnem,
962 693 1041 734 nisi
1072 701 1119 734 ut
1151 695 1304 735 tentari
1341 710 1385 736 se

34 769 191 804 naturae
215 770 338 818 atque
360 761 613 803 infirmitatis
630 778 734 804 meae
757 762 999 804 conditione
1019 763 1262 818 pateretur?
1280 764 1385 805 Ten-

34 831 111 874 tari
134 832 298 879 debuit,
325 832 510 888 compati
535 832 636 874 mihi
664 832 834 879 debuit3
865 840 910 872 ut
934 833 1085 873 scirem
1110 834 1385 887 quemadmo-

35 901 134 943 dum
159 909 340 943 tentatus
370 902 605 949 vincerem,
637 917 883 958 compassus
910 903 1146 943 evaderem.
1172 901 1281 944 Vicit
1314 918 1387 958 per

34 969 357 1018 continentiam,
384 971 483 1012 vicit
502 987 574 1027 per
594 979 887 1028 contemptum
912 971 1167 1018 divitiarum,
1190 972 1287 1012 vicit
1310 987 1387 1028 per

34 1037 160 1079 fidem
192 1053 201 1079 z
234 1041 409 1081 calcavit
441 1041 743 1088 ambitionem,
786 1041 943 1098 fugavit
978 1042 1344 1098 intemperantiam
1373 1073 1384 1090 ,

34 1107 248 1161 Itiscivjiam
275 1110 488 1166 relegavit.

90 1177 221 1219 XCII.
261 1179 348 1220 Hoc
383 1180 737 1222 medicamentum
766 1181 913 1222 Petrus
938 1181 1063 1227 vidit,
1089 1190 1129 1222 et
1156 1181 1258 1222 retia
1281 1196 1351 1222 sua
1373 1214 1382 1228 ‚

34 1246 309 1289 instrumenta
335 1249 527 1291 videlicet
547 1259 727 1306 quaestus
751 1259 791 1291 et
815 1250 1021 1297 subsidia,
1048 1251 1292 1306 dereliquit,
1318 1266 1386 1291 re-

35 1316 231 1359 nuntians
260 1318 396 1359 carnis
428 1319 780 1376 concupiscentiae
807 1327 1004 1374 tauquam
1037 1329 1245 1375 corruptae
1268 1319 1385 1366 navi,

34 1386 75 1428 in
96 1402 220 1442 quam
246 1388 363 1443 quasi
385 1390 547 1431 sentina
564 1392 755 1446 quzedam
781 1391 1005 1430 multarum
1033 1389 1265 1445 ingreditur
1289 1404 1386 1446 pas-

35 1457 214 1500 sionum,
244 1458 438 1515 Magnum
468 1475 567 1516 ergo
599 1460 976 1506 medicamentum,
1007 1460 1118 1515 quod
1142 1474 1225 1500 non
1251 1460 1385 1500 solum

35 1526 274 1567 cicatricem
298 1528 449 1569 vetusti
483 1529 663 1569 vulneris
688 1528 941 1585 amputavit,
970 1530 1044 1569 sed
1068 1528 1192 1569 etiam
1217 1543 1385 1569 cansam

35 1597 235 1653 passionis
258 1597 415 1639 incidit.
450 1598 486 1641 O
518 1598 621 1639 fides
652 1598 854 1639 thesauris
884 1599 1080 1639 omnibus
1117 1597 1381 1656 opulcntior!

36 1681 59 1707 o
82 1667 302 1726 vulnerum
338 1677 597 1717 nostrorum,
630 1678 989 1725 peccatorumque
1024 1668 1229 1709 medicina
1255 1682 1386 1724 praes-

36 1737 215 1778 tantior!

92 1806 245 1849 XCIII.
285 1807 606 1850 Consideremus
624 1808 719 1864 quia
739 1808 858 1849 nobis
876 1809 1048 1865 prodest
1069 1808 1176 1848 bene
1194 1807 1381 1848 credere.

36 1875 135 1918 Mihi
160 1877 270 1920 enim
296 1880 466 1936 prodest
491 1879 597 1920 scire
621 1878 715 1934 quia
740 1887 913 1935 propter
936 1893 1002 1918 me
1029 1878 1220 1918 Christus
1243 1891 1386 1917 susce-

35 1947 98 2004 pit
119 1962 230 1989 meas
250 1947 532 1996 infirmitates,
557 1948 639 1990 mei
663 1949 850 2004 corporis
869 1948 995 1989 subiit
1016 1946 1249 2005 passiones¹
1277 1961 1286 1986 :
1312 1959 1388 2002 pro

36 2033 104 2059 me
131 2029 373 2075 peccatum,
399 2020 479 2061 hoc
502 2029 584 2067 est,
612 2034 686 2076 pro
711 2019 825 2060 omni
848 2019 1041 2068 homine,
1068 2034 1145 2076 pro
1167 2033 1234 2059 me
1257 2018 1389 2058 male-

38 2088 197 2130 dictum
222 2088 354 2132 factus
385 2090 475 2132 est²
492 2123 501 2138 ,
535 2105 610 2147 pro
641 2105 706 2130 me
730 2098 855 2145 atque
878 2089 919 2130 in
954 2104 1021 2129 me
1051 2088 1244 2129 subditus
1267 2095 1388 2142 atque

39 2157 253 2214 subjectus
269 2191 279 2207 ,
298 2175 374 2217 pro
399 2176 465 2201 me
484 2175 614 2216 agnus
632 2192 640 2206 ‚
664 2175 740 2216 pro
762 2174 828 2200 me
849 2158 961 2206 vitis,
983 2174 1058 2216 pro
1082 2174 1148 2198 me
1172 2158 1296 2214 lapis,
1316 2171 1392 2213 pro

38 2244 105 2271 me
137 2244 301 2278 servus,
334 2246 409 2288 pro
443 2247 510 2272 me
544 2230 653 2271 [ilius
683 2231 868 2278 ancillae,
899 2245 975 2286 pro
1011 2245 1078 2271 me
1105 2229 1214 2270 diem
1242 2227 1390 2284 judicii

41 2298 256 2355 ignoraus,
278 2315 354 2356 pro
376 2316 443 2342 me
460 2300 651 2342 nesciens
674 2300 785 2341 diem
811 2308 880 2340 aut
906 2299 1068 2340 horam.

95 2369 242 2412 XCIV.
282 2371 385 2412 Nam
417 2372 628 2427 quomodo
663 2378 804 2426 posset
835 2370 943 2411 diem
980 2369 1165 2415 nescire,
1203 2367 1274 2424 qui
1307 2367 1393 2408 dies

0 2446 1 2477 1
40 2438 138 2480 fecit
160 2447 201 2481 et.
219 2441 437 2497 tempora?
456 2441 680 2492 Quomodo
703 2449 842 2497 posset
861 2440 972 2482 diem
1004 2441 1195 2497 ignorare
1221 2437 1394 2494 judicii,

0 2543 1 2552 ,
41 2510 111 2566 qui
137 2519 180 2552 et
208 2510 356 2552 horam
383 2511 513 2554 futuri
540 2510 689 2568 judieii
720 2510 924 2568 expressit
946 2519 989 2553 et
1016 2508 1219 2554 causam?
1240 2509 1395 2550 Factus

87 2619 96 2635 ¹
118 2611 191 2644 lsai.
212 2623 284 2654 mn,
300 2612 331 2650 4.
352 2630 392 2637 ·-·
408 2622 420 2636 ²
441 2625 457 2645 2
471 2613 550 2646 Cor·
567 2624 596 2649 v,
614 2622 669 2645 αι.
