1768 3283
370 307 396 355 4
411 319 418 346 ι
432 307 456 347 8
920 316 951 343 s.
992 314 1181 343 Aussnosu

372 397 479 453 rigat
498 429 508 445 ‚
536 394 661 436 debet
679 392 859 441 ostendi,
886 392 918 434 si
941 392 1216 434 directionem
1235 389 1367 433 sancti
1391 389 1568 447 Spiritus
1591 390 1717 433 dene-

371 483 529 526 gamus.

430 538 477 579 C.
505 537 586 578 Sed
605 549 755 591 negare
774 549 856 575 non
875 548 1112 589 possumus,
1130 531 1327 588 quoniam
1343 532 1393 572 de
1411 531 1499 588 ipso
1516 529 1720 572 Dominus

372 607 475 649 dixit
495 623 503 648 :
521 605 698 647 «Adhuc
719 605 849 645 multa
865 603 998 645 habeo
1022 603 1137 643 vobis
1162 603 1326 650 dicere,
1347 602 1420 642 sed
1445 615 1527 641 non
1549 599 1721 657 potestis

369 677 467 718 »illa
491 683 660 732 portare
694 675 834 715 modo.
879 674 986 714 Cum
1012 680 1152 714 auten]
1183 671 1344 713 venerit
1366 671 1434 712 ille
1456 671 1634 727 Spiritus
1656 684 1722 711 ve-

367 767 381 785 »
399 746 530 787 ritatis
549 778 560 794 ,
589 746 771 786 deducet
794 757 865 785 vos
884 742 924 784 in
944 757 1113 784 omnem
1138 742 1356 783 veritatem
1371 740 1402 782 ¹.
1421 741 1501 782 »Et
1522 740 1655 783 David
1671 739 1722 781 de

369 817 458 872 ipso
487 814 588 856 dicit
613 813 846 870 :aSpiritus
877 821 972 855 tuus
995 813 1130 854 bonus
1155 811 1335 854 deducet
1356 811 1481 852 mein
1507 810 1616 852 viam
1636 822 1723 851 rec-

369 904 384 925 »
402 894 483 927 tau]
495 884 523 925 ².
541 902 556 923 ιι

431 953 498 995 CI.
530 952 636 995 Vide
657 952 760 1008 quid
783 952 834 993 de
857 950 1017 1008 Spiritu
1039 959 1185 992 sancto
1209 966 1287 993 vox
1308 950 1530 994 Dominica
1549 949 1725 992 resulta·
1766 966 1768 991 ι

370 1024 487 1066 verit.
518 1022 647 1064 Filius
678 1021 753 1063 Dei
783 1021 928 1070 venit,
956 1030 997 1062 et
1021 1021 1116 1076 quia
1151 1021 1339 1062 nondum
1363 1021 1572 1063 infuderat
1599 1018 1727 1076 Spiri-

369 1101 458 1134 tum
474 1124 484 1139 ,
509 1091 702 1148 parvulos
721 1091 926 1146 quosdam
942 1105 1016 1131 nos
1036 1091 1186 1144 degere
1203 1091 1291 1132 sine
1306 1089 1465 1147 Spiritu
1481 1088 1718 1132 declaravit.

372 1162 574 1220 Spiritum
600 1160 703 1202 dixit
721 1175 811 1202 csse
836 1169 1060 1201 venturum
1078 1192 1089 1210 ,
1114 1161 1184 1216 qui
1205 1161 1362 1202 faceret
1378 1176 1428 1202 ex
1449 1159 1630 1217 parvulis
1646 1158 1727 1200 for-

371 1231 520 1278 tiores,
559 1231 822 1272 incremento
856 1230 1052 1271 videlicet
1083 1230 1275 1287 spiritalis
1305 1231 1450 1272 aetatis.
1482 1230 1608 1281 Quod
1631 1228 1726 1270 ideo

370 1301 541 1359 posuit,
568 1316 651 1342 non
675 1315 757 1356 quo
786 1300 986 1342 virtutem
1017 1300 1198 1357 Spiritus
1234 1301 1485 1350 anteferret,
1509 1301 1583 1342 sed
1617 1299 1725 1341 utin

374 1371 611 1427 cognitione
625 1370 840 1412 Trinitatis
864 1372 1107 1413 ostenderet
1127 1371 1431 1427 plenitudinem
1446 1385 1535 1412 esse
1548 1368 1724 1411 virtutis.

434 1441 520 1481 CII.
560 1440 739 1482 Necesse
762 1448 823 1481 est
847 1440 974 1496 igitur
1005 1449 1077 1482 aut
1105 1449 1301 1497 quartum
1336 1440 1517 1496 aliquem
1546 1438 1691 1481 dicatis
1709 1470 1720 1487 ,

374 1527 500 1569 quem
533 1511 686 1553 sentire
717 1518 870 1567 praeter
895 1511 1098 1568 Spiritum
1134 1511 1320 1553 debeatis
1354 1528 1363 1552 ε
1401 1519 1471 1553 aut
1501 1518 1614 1552 certe
1640 1523 1726 1551 non

375 1583 501 1625 alium
518 1580 746 1624 Dominum
766 1580 963 1637 judicetis
979 1613 988 1628 ‚
1014 1581 1093 1622 nisi
1116 1581 1321 1638 Spiritum
1347 1581 1622 1637 designatum.

437 1652 544 1694 CIII.
584 1650 711 1703 Quod
733 1651 764 1692 si
782 1650 1022 1693 evidentem
1046 1651 1369 1708 conceptionem
1396 1651 1623 1692 verborum
1646 1649 1726 1692 exi-

377 1722 470 1778 gitis
486 1754 496 1769 ,
516 1721 668 1777 quibus
687 1720 918 1761 Dominum
940 1719 1142 1777 Spiritum
1169 1721 1385 1778 Scriptura
1406 1720 1722 1768 memoraverit,

374 1807 452 1834 nec
485 1791 528 1832 id
562 1791 692 1832 latere
718 1805 790 1831 vos
823 1790 987 1848 potuit3
1012 1791 1109 1847 quia
1132 1791 1336 1847 scriptum
1366 1799 1428 1833 est
1463 1790 1726 1834 :aDominus

374 1869 544 1903 »autem
576 1860 755 1917 Spiritus
786 1860 923 1902 est³.»
959 1860 1085 1911 Quod
1117 1862 1262 1917 utique
1291 1862 1453 1904 dictum
1483 1864 1536 1904 de
1567 1860 1726 1918 Spiritu

373 1939 518 1974 sancto
542 1932 670 1973 totius
693 1931 820 1972 series
838 1931 1030 1973 lectionis
1055 1932 1252 1974 ostendit.
1285 1933 1337 1975 Et
1367 1933 1460 1975 ideo
1484 1932 1726 1990 Apostolica

377 2002 692 2044 consideremus
722 2001 886 2058 eloquia
914 2016 922 2042 ε
947 2021 961 2038 ι
981 2001 1157 2052 Quoties
1179 2002 1331 2059 legitur
1351 2003 1534 2059 Moyses,
1559 2001 1695 2058 inquit
1712 2032 1724 2050 ,

376 2072 594 2113 »velamen
627 2072 811 2128 positum
837 2079 900 2113 est
924 2086 1051 2128 super
1072 2086 1145 2113 cor
1166 2087 1314 2114 eorum
1342 2089 1351 2114 ε
1379 2088 1476 2114 cum
1499 2086 1598 2115 vero
1628 2085 1727 2113 con-

376 2161 390 2181 »
407 2143 512 2184 versi
533 2142 688 2183 fuerint
710 2143 762 2184 ad
783 2141 1033 2190 Dominum,
1058 2142 1272 2184 auferetur
1294 2144 1496 2184 velamen.
1521 2141 1726 2185 Dominus
1766 2194 1768 2203 Ι

376 2232 391 2251 »
408 2221 546 2254 autem
572 2211 751 2269 Spiritus
780 2219 842 2253 est
871 2227 879 2252 :
915 2211 986 2253 ubi
1006 2220 1145 2254 autem
1170 2211 1350 2270 Spiritus
1369 2212 1565 2261 Domini,
1596 2211 1653 2254 ibi
1673 2210 1727 2258 li·
1766 2211 1768 2218 ’

373 2301 388 2322 n
404 2282 605 2324 hertasffi»

433 2351 536 2394 ClV.
569 2351 661 2394 Non
686 2352 822 2394 solum
847 2352 986 2408 itaque
1013 2351 1217 2408 Spiritum
1236 2352 1468 2395 Dominum
1501 2352 1630 2399 dixit,
1653 2350 1726 2392 sed

372 2422 498 2464 etiam
528 2422 688 2464 addidit
712 2437 720 2463 :
740 2440 754 2459 «
781 2422 859 2464 L‘bi
884 2429 1023 2462 autem
1046 2421 1227 2478 Spiritus
1248 2423 1436 2473 Domini,
1457 2423 1514 2465 ibi
1535 2422 1718 2465 libertas.
1765 2421 1768 2428 ⁴

369 2491 482 2534 »Nos
507 2492 648 2548 itaque
667 2507 814 2534 onmes
835 2492 1016 2533 revelata
1039 2490 1144 2533 facie
1172 2491 1348 2548 gloriam
1377 2492 1546 2536 Domini
1578 2506 1726 2550 specu-

419 2599 430 2614 ¹
449 2591 545 2624 Joan.
560 2603 624 2632 ιιι-ι,
643 2604 694 2632 12,
716 2593 761 2625 15.
783 2611 820 2617 —-
841 2601 851 2616 ¹
882 2592 962 2625 Psat.
987 2601 1084 2629 exui,
1109 2602 1160 2626 10.
1176 2610 1212 2616 —-
1234 2593 1244 2614 ³
1266 2605 1282 2625 2
1297 2594 1374 2626 Cor.
1391 2605 1441 2634 ιιι,
1471 2605 1520 2636 17.
1541 2592 1719 2627 —⁴1bid.

377 2645 410 2676 15
428 2650 459 2678 et
480 2645 527 2677 16.
