1806 3256
405 265 484 315 144
947 279 980 307 s.
1019 278 1210 308 Arianosn

393 356 517 400 Porta
541 366 609 401 tua
634 356 747 399 vocis
768 355 902 400 fidelis
925 372 1077 400 canora
1101 356 1304 399 confessio
1328 365 1418 399 est:
1444 363 1563 413 porta
1587 363 1655 398 tua
1671 369 1741 399 os-

393 427 498 469 tium
516 427 630 469 verbi
647 436 723 478 est,
740 442 864 483 quam
884 428 961 468 sibi
987 428 1211 484 Apostolus
1239 435 1354 483 optat
1379 426 1547 482 aperiri,
1569 426 1736 468 dicens:

404 515 420 537 α
443 499 496 540 Ut
517 498 727 555 aperiatur
747 497 851 543 mihi
873 498 1026 540 ostium
1050 497 1164 539 verbi
1197 498 1248 539 ad
1273 498 1553 553 eloquendum
1580 505 1739 554 myste-

395 585 411 607 1)
425 567 533 608 Pium
558 567 712 608 Christi
726 566 755 609 1.
775 586 789 604 »

451 635 590 678 XXII.
627 636 851 693 Aperiatur
879 636 1004 693 igitur
1033 636 1199 678 Christo
1235 643 1355 692 porta
1382 644 1476 683 tua,
1496 649 1574 677 nec
1608 636 1745 678 solum
1793 651 1795 655 ·

395 705 620 761 aperiatur,
641 707 712 746 sed
729 705 854 746 etiam
874 707 1086 753 elevetur3
1112 706 1144 746 si
1169 714 1310 746 tamen
1333 705 1538 746 aeternalis
1556 712 1634 753 est,
1659 719 1746 747 non

395 776 581 823 caduca3
619 775 824 832 scriptum
851 785 912 816 est
934 775 1045 816 enim
1066 789 1075 816 ε
1105 775 1186 816 ιΕι
1207 774 1425 816 elevamini
1450 782 1596 831 portae,
1621 782 1743 816 aeter—

393 846 551 887 males.
579 864 593 884 »
613 846 830 887 Elevatum
857 855 919 887 est
951 846 1203 902 supcrlimen
1233 845 1384 893 Esalae,
1422 845 1588 900 qnando
1619 843 1746 887 Sera-

393 915 509 974 phim
532 916 641 958 labia
660 916 749 972 ejus
769 916 915 974 tetigit,
935 924 975 957 et
999 916 1099 958 vidit
1118 931 1255 973 regem
1274 916 1499 957 Dominum
1517 915 1694 957 sabaoth
1709 914 1739 958 ².

451 985 610 1027 XXIII.
648 986 746 1027 Tnae
769 1001 869 1042 ergo
897 994 1026 1042 portae
1049 987 1342 1031 elevabuntur,
1364 985 1395 1026 si
1421 985 1742 1042 sempiternum,

394 1054 427 1095 si
449 1055 781 1112 omnipotentem
797 1088 807 1104 ,
831 1056 863 1096 si
892 1056 1249 1103 inaestimabilem,
1275 1057 1306 1096 si
1335 1055 1747 1112 incomprehensibi-

394 1124 501 1171 lem,
537 1124 569 1165 si
598 1140 693 1165 eum
718 1125 789 1181 qui
822 1134 862 1166 et
891 1125 1101 1181 praeterita
1136 1126 1274 1166 onmia
1303 1135 1345 1166 et
1380 1125 1519 1166 futura
1555 1125 1744 1175 noverit,

393 1194 547 1236 Filium
569 1195 644 1237 Dei
669 1197 826 1237 credas.
856 1196 980 1246 Quod
1008 1195 1039 1236 si
1062 1194 1275 1252 praesinitae
1298 1195 1511 1252 potestatis
1544 1203 1585 1237 et
1607 1196 1744 1237 scien-

394 1263 481 1311 tiae,
507 1263 830 1321 subjectumque
847 1264 1055 1321 opinaris,
1080 1279 1163 1305 non
1191 1265 1326 1306 elevas
1349 1277 1489 1320 portas
1511 1266 1741 1306 aeternales.

452 1333 612 1376 XXIV.
657 1334 894 1376 Eleventnr‘
919 1349 1018 1390 ergo
1056 1342 1186 1390 portae
1218 1342 1326 1382 tuae,
1363 1343 1410 1374 ut
1446 1349 1531 1375 non
1568 1335 1745 1376 Arriano

393 1417 515 1444 sensu
546 1406 769 1460 parvulus,
800 1419 883 1444 non
915 1404 1110 1459 pusillus,
1140 1418 1221 1444 non
1257 1404 1450 1445 subditus
1472 1404 1523 1444 ad
1547 1412 1585 1444 te
1608 1402 1747 1445 Chris-

391 1479 456 1512 tns
485 1472 694 1514 introeat:
721 1474 791 1514 scd
816 1473 942 1514 intret
973 1473 1011 1513 in
1045 1472 1119 1514 Dei
1145 1474 1299 1520 sorana,
1327 1474 1454 1514 intret
1480 1488 1576 1514 cum
1597 1473 1743 1522 Patre,

388 1542 513 1583 intret
538 1545 650 1591 talis,
689 1545 821 1600 qualis
855 1553 915 1585 est
948 1552 989 1585 et
1024 1544 1177 1584 coelnm
1206 1553 1244 1584 et
1271 1544 1407 1584 onmia
1429 1559 1742 1599 supergressus,

388 1611 552 1653 emittat
573 1613 645 1654 tibi
672 1613 872 1669 Spiritum
893 1621 1099 1654 sanctum.
1125 1614 1298 1669 Expedit
1326 1613 1399 1654 tibi
1422 1621 1464 1653 nt
1483 1613 1628 1654 credas
1648 1614 1744 1669 quia

393 1684 602 1730 ascendit,
627 1693 668 1725 et
689 1686 805 1725 sedet
833 1685 880 1725 ad
915 1686 1127 1725 dexteram
1159 1684 1303 1724 Patris.
1333 1683 1436 1725 Nam
1457 1684 1488 1724 si
1516 1699 1611 1724 enm
1637 1685 1746 1725 inter

393 1761 604 1793 creaturas
637 1762 677 1794 et
715 1761 877 1794 terrena
908 1752 1031 1809 impia
1068 1752 1320 1809 cogitatione
1352 1752 1536 1793 detineas
1556 1785 1566 1800 ,
1596 1753 1627 1793 si
1661 1767 1745 1793 non

391 1820 467 1861 tibi
494 1821 628 1870 abeat,
654 1837 736 1863 non
758 1823 831 1863 tibi
861 1822 1073 1870 ascendat,
1093 1837 1170 1863 nec
1192 1822 1430 1864 Paracletus
1455 1823 1503 1863 ad
1524 1831 1564 1864 te
1587 1822 1741 1871 veniet,

391 1891 499 1932 sicut
520 1891 607 1948 ipse
625 1892 752 1933 dixit:
777 1911 791 1930 ιι
810 1892 914 1935 Nam
943 1893 973 1933 si
1000 1907 1075 1948 ego
1103 1907 1186 1933 non
1213 1893 1370 1940 abiero,
1397 1892 1636 1934 Paracletus
1659 1908 1743 1934 non

390 1960 555 2002 »veniet
581 1963 632 2003 ad
658 1963 799 2004 vos:si
825 1971 963 2003 autem
989 1963 1146 2006 abiero.
1172 1963 1335 2003 mittam
1359 1962 1476 2003 illum
1500 1963 1550 2003 ad
1572 1961 1691 2004 vos³.
1717 1981 1733 2002 n

446 2030 583 2073 XXV.
633 2032 759 2083 Quod
802 2033 834 2074 si
872 2032 979 2074 inter
1017 2041 1181 2074 terrena
1228 2048 1325 2072 enm
1370 2031 1557 2087 requiras
1583 2064 1593 2080 ,
1637 2031 1744 2074 sicut

389 2099 515 2141 Maria
533 2101 776 2157 Magdalene
799 2102 1066 2158 requirebat3
1097 2116 1197 2142 cave
1219 2116 1271 2142 nc
1298 2109 1340 2142 et
1359 2100 1432 2141 tibi
1451 2101 1562 2142 dieat
1583 2115 1592 2142 ε
1617 2100 1743 2144 «Noli

389 2189 404 2210 n
420 2186 487 2212 me
511 2179 704 2228 tangere;
725 2174 912 2214 nondum
931 2173 1042 2213 enim
1066 2172 1232 2213 ascendi
1258 2174 1307 2213 ad
1325 2172 1490 2214 Patrem
1512 2171 1696 2215 meum'*.
1717 2191 1732 2212 n

387 2241 522 2282 Portae
546 2243 657 2283 enim
690 2251 770 2283 tuae
797 2251 980 2299 angustae
1015 2250 1135 2290 sunt,
1170 2257 1318 2298 capere
1348 2257 1415 2282 me
1441 2257 1524 2283 non
1549 2250 1739 2298 queuntz

388 2311 540 2352 elevari
566 2326 647 2352 non
671 2320 853 2367 queunt,
880 2312 1034 2353 intrare
1057 2327 1140 2352 non
1168 2327 1350 2368 possum.

450 2380 608 2423 XXVI.
648 2381 764 2423 Vade
787 2397 885 2439 ergo
904 2383 955 2423 ad
987 2382 1131 2423 fratres
1165 2397 1307 2429 meos,
1341 2382 1422 2423 hoc
1453 2390 1539 2431 est,
1574 2383 1626 2424 ad
1651 2382 1742 2424 illas

386 2459 527 2508 portas
562 2453 806 2500 aeternales,
839 2467 931 2508 quae
961 2467 1059 2494 cum
1090 2451 1235 2494 Jcsum
1268 2451 1472 2501 viderint,
1504 2453 1734 2495 elevantur.

434 2561 444 2577 ⁸
473 2554 596 2590 Coloss.
621 2566 652 2588 ιν
674 2577 684 2596 ,
714 2555 745 2588 5.
772 2573 811 2581 -
852 2563 865 2579 ²
895 2555 969 2588 Isa'i.
1000 2566 1055 2594 vi,
1088 2567 1122 2598 7.
1153 2574 1193 2580 —
1221 2556 1235 2580 3
1266 2556 1363 2588 Joan.
1398 2566 1480 2595 xvi,
1508 2566 1540 2598 7.
1569 2573 1609 2581 —
1641 2557 1655 2584 4
1686 2555 1738 2589 ld.

386 2615 454 2650 xx,
484 2617 538 2650 17.
