1806 3256
402 282 484 335 194
944 296 974 321 s.
1015 295 1205 322 Annliosn

398 369 616 412 »Verbum
638 378 727 412 erat
745 371 854 427 apud
871 370 1032 412 Deum¹
1056 387 1066 417 ;
1086 390 1099 408 υ
1126 371 1181 411 ita
1203 377 1243 410 ct
1263 369 1330 411 hic
1357 370 1580 412 scribendo
1617 371 1742 412 verba

396 439 592 482 Domini:
611 441 695 482 «Εἰ
717 449 972 496 cognoscant
996 449 1035 482 te
1059 441 1194 481 solum
1218 454 1364 480 verum
1388 440 1596 488 Deun1,et
1618 454 1742 496 quem

396 509 574 551 »misisti
606 509 752 550 Jesum
786 509 1056 557 Christum&
1086 528 1102 548 n
1134 509 1434 565 conjunctione
1474 511 1542 552 illa
1579 510 1743 552 Patrem

395 579 541 635 utique
577 580 810 636 copulavit,
838 589 880 621 et
902 579 1078 627 Filium,
1102 587 1148 620 ut
1166 579 1380 621 Christum
1398 595 1544 622 verum
1565 579 1700 621 Deum
1725 593 1745 620 a

394 649 615 705 majestate
630 649 761 691 Patris
783 664 907 691 nemo
925 657 1116 692 secernat
1137 665 1145 690 :
1178 665 1395 706 nunquam
1417 651 1530 693 euim
1544 648 1745 704 conjunc—

395 720 453 762 tio
474 729 651 777 separat.

453 790 571 833 XIX.
599 791 648 832 Et
666 791 759 832 ideo
778 791 957 833 dicendo
979 806 988 832 t
1009 809 1022 828 a
1040 792 1092 833 [st
1111 800 1366 848 cognoscant
1385 801 1424 834 te
1444 793 1579 834 solum
1600 806 1746 834 verum

396 880 411 900 n
427 861 587 908 Deum,
611 868 652 902 et
674 876 798 917 quom
829 861 975 902 misisti
1006 861 1151 903 Jesum
1179 862 1419 910 Christum3
1439 881 1455 901 n
1479 870 1520 904 et
1543 862 1745 904 Sabellia-

393 946 469 972 nos
488 929 708 979 interficit,
729 939 770 972 et
790 930 958 972 Judaeos
975 933 1174 980 exclusit,
1201 947 1270 974 eos
1295 932 1438 988 utique
1460 932 1530 988 qui
1554 932 1747 974 audirent

393 1003 673 1057 loquentem3
715 1016 766 1042 ne
799 1009 870 1042 aut
908 1002 963 1043 itti
1005 1003 1201 1042 eumdem
1235 1003 1399 1044 Patrem
1431 1010 1627 1059 putarent
1658 1017 1746 1044 esse

395 1087 522 1127 quem
545 1071 718 1118 Filium,
743 1071 775 1112 si
797 1085 879 1112 non
904 1071 1183 1113 addidissctet
1200 1072 1414 1114 Christum
1433 1088 1440 1114 :
1459 1081 1529 1115 aut
1551 1072 1652 1114 istia
1668 1073 1746 1114 Pa-

394 1150 456 1183 tro
477 1140 631 1182 Filium
649 1150 904 1198 separarent.

452 1211 549 1254 XX.
590 1212 744 1263 Quaero
769 1220 907 1254 autem
932 1228 1008 1254 cur
1030 1228 1112 1255 non
1137 1221 1285 1271 putent
1315 1214 1656 1258 subaudiendum
1673 1246 1683 1263 ,
1707 1221 1748 1255 et

394 1297 443 1324 ex
462 1282 747 1338 superioribus
766 1283 1047 1339 colligendum
1061 1300 1071 1331 ;
1087 1292 1130 1325 ut
1143 1285 1235 1339 quia
1249 1284 1444 1340 praemisit
1458 1285 1591 1326 solum
1604 1299 1746 1326 verum

392 1354 529 1396 Deum
554 1353 738 1402 Patrem,
766 1354 1065 1396 subaudiamus
1083 1354 1208 1395 etiam
1221 1354 1366 1395 Jesum
1382 1354 1594 1397 Christum
1612 1355 1747 1396 solum

387 1440 534 1467 verum
550 1425 711 1466 Deum?
743 1425 1061 1481 nxprimendum
1083 1425 1195 1466 enirn
1218 1426 1336 1466 aliter
1355 1440 1438 1467 nou
1456 1425 1550 1472 fuit,
1565 1440 1618 1467 ne
1644 1426 1747 1467 duos

393 1498 492 1539 deos
524 1495 664 1537 dicere
695 1496 941 1544 videretur3
979 1512 1074 1538 naui
1119 1512 1255 1552 neque
1278 1497 1381 1538 duos
1406 1496 1583 1538 dicimus
1617 1497 1715 1539 deos
1735 1529 1745 1545 ,

393 1575 435 1609 et
477 1566 667 1623 ejusdem
706 1581 803 1607 cum
844 1567 965 1608 Patre
1002 1566 1240 1608 Divinitatis
1280 1567 1435 1609 Filium
1476 1566 1743 1609 confitemur.

452 1637 591 1680 XXII.
640 1637 786 1693 Itaque
817 1652 1052 1693 quaeramus
1091 1653 1170 1693 qua
1207 1637 1370 1679 rationo
1406 1639 1642 1680 Dis-innatis
1680 1638 1748 1680 hic

394 1716 545 1766 putent
562 1708 713 1749 saetam
734 1722 824 1748 esse
841 1707 1100 1756 distantiam,
1122 1716 1262 1749 utrum
1280 1708 1414 1749 Deum
1439 1717 1592 1765 negent
1612 1708 1749 1751 Chris-

396 1778 516 1820 tum?
539 1777 621 1820 Sed
646 1792 796 1834 negare
822 1792 904 1818 nou
931 1786 1115 1834 possunt.
1147 1777 1210 1819 An
1233 1793 1377 1820 verum
1408 1779 1542 1821 Deum
1566 1778 1749 1836 negent?

397 1849 479 1891 Sed
503 1849 669 1896 dicant,
697 1848 729 1890 si
757 1862 900 1889 verum
936 1858 1089 1904 negant
1107 1880 1117 1896 ,
1152 1857 1292 1889 utrum
1317 1849 1488 1898 salsum,
1516 1865 1566 1891 an
1590 1864 1750 1891 nuncu-

394 1920 582 1978 pativum
605 1919 740 1961 Deum
771 1918 993 1974 judicent?
1027 1921 1129 1960 Nam
1160 1921 1396 1961 secundum
1421 1919 1657 1977 Scripturas
1680 1927 1750 1962 aut

394 2006 518 2031 verus
535 1989 648 2031 Deus
666 1996 749 2040 est,
770 1997 839 2029 aut
866 1990 1155 2030 tantummodo
1173 1990 1499 2047 nuncupativus,
1520 1998 1588 2030 aut
1607 1989 1742 2032 salsus.

395 2058 532 2103 Verus
550 2069 596 2101 ut
617 2060 754 2108 Pater,
780 2060 1089 2116 nuncupativus
1114 2069 1157 2101 ut
1181 2061 1338 2109 sancti,
1375 2059 1497 2101 salsus
1522 2068 1566 2101 ut
1594 2061 1748 2101 daemo-

398 2147 471 2173 nes
496 2140 619 2188 atque
642 2131 877 2173 simulacra.
915 2131 1068 2173 Dicant
1097 2132 1222 2189 igitur
1251 2147 1330 2188 qua
1366 2132 1520 2174 Filium
1546 2131 1621 2173 Dei
1651 2146 1750 2173 con-

398 2203 577 2245 sessione
602 2202 842 2258 designent,
869 2210 1011 2243 utrum
1035 2202 1135 2244 salso
1155 2213 1455 2260 praesumptum
1476 2203 1553 2244 Dei
1577 2218 1746 2251 nomen,

401 2290 451 2316 an
480 2289 578 2316 vero
604 2274 720 2330 quasi
752 2273 1036 2330 nuncupativo
1061 2274 1375 2330 inspirationem
1415 2283 1576 2316 tantum
1597 2274 1751 2316 Divini-

396 2344 494 2387 tatis
512 2343 645 2385 inesse
666 2344 934 2386 arbitrantur.

459 2415 619 2458 XXIII.
654 2414 776 2456 Falso
804 2423 1105 2471 praesumptum
1132 2430 1284 2456 nomeu
1315 2430 1397 2456 non
1429 2423 1532 2473 puto
1555 2416 1667 2472 quod
1685 2415 1750 2457 (li-

397 2496 516 2537 caut,
545 2494 589 2527 ut
613 2486 819 2543 apertiore
846 2502 889 2528 se
924 2487 1097 2528 crimine
1123 2487 1347 2543 impietatis
1369 2487 1603 2535 involvant3
1631 2502 1682 2529 ne
1703 2497 1750 2529 ut

394 2556 613 2602 daemouiis
634 2565 675 2598 et
699 2556 955 2610 simuiacris,
982 2557 1036 2599 ita
1061 2557 1185 2601 etiam
1215 2557 1381 2600 Christo
1404 2556 1552 2601 salsum
1583 2557 1659 2601 Dei
1689 2557 1750 2603 iu-

444 2657 451 2671 ¹
472 2648 716 2690 Joan.1,1.-—
737 2658 747 2674 ³
768 2647 818 2681 ld.
844 2649 967 2687 μηδ.
