1768 3283
533 273 584 301 DE
618 274 726 307 rum,
761 273 840 301 mn.
878 273 915 301 v,
1310 260 1391 305 215

58 351 176 396 «Non
194 360 255 395 est
271 365 430 401 meum,
446 370 460 391 »
475 351 657 408 quiveni
676 367 758 392 non
777 351 1019 401 ministrari,
1034 352 1109 394 sed
1125 352 1362 396 ministrare
1384 371 1392 395 :

60 423 173 466 «Non
195 431 256 464 est
278 438 419 464 meum
438 442 474 471 ,»
489 423 558 480 qui
580 422 783 479 justifiam
808 438 942 472 servo,
971 438 1054 466 non
1079 425 1268 480 gratiam.

107 493 346 537 LXXXIII.
378 494 567 550 Denique
585 495 635 535 ad
652 492 817 535 Patrem
836 494 1040 542 reserens,
1062 495 1222 537 addidit
1242 511 1250 537 :
1268 513 1283 533 «
1297 496 1399 547 Qui-

49 566 155 608 »bus
174 573 363 622 paratum
381 572 493 612 est31>
508 573 554 605 ut
579 565 821 608 ostenderet
842 565 1006 607 Patrem
1029 581 1197 622 quoque
1220 581 1304 608 non
1328 583 1398 624 pe-

50 635 266 678 titionibus
290 634 452 676 deferre
474 636 608 676 solere
623 667 632 682 ‚
655 634 727 677 sed
748 635 906 677 meritis
922 668 931 687 ,
949 636 1044 692 quia
1067 637 1178 678 Dens
1198 627 1399 693 persona-

49 721 142 749 rum
178 713 375 762 acceptor
406 720 488 746 non
520 704 623 746 est¹.
663 706 782 746 Unde
815 714 856 746 et
883 706 1107 762 Apostolus
1140 705 1195 747 ait
1225 706 1400 757 :aQuos

50 797 64 815 »
79 776 308 834 praescivit‚
328 783 369 817 et
386 774 742 832 praedestiiiavit2;
757 795 772 812 n
789 790 872 816 non
894 775 1006 816 enim
1025 783 1120 816 ante
1137 776 1404 832 praedestina-

49 847 122 895 vit,
141 861 265 903 quam
284 845 496 903 praeseiret
520 861 528 886 ε
549 847 621 887 sed
639 860 820 902 quorum
840 845 988 886 merita
1006 846 1230 901 praescivit,
1251 861 1399 888 eorum

50 918 216 976 prcemia
234 916 560 973 praedestinavit.
848 905 855 913 '

105 985 340 1028 LXXXIV.
375 985 478 1027 Jure
511 986 636 1042 igitur
667 984 992 1041 reprehenditur
1025 986 1200 1034 mulier,
1237 1001 1327 1042 quae
1364 995 1406 1028 et

52 1055 325 1114 impossibilia
356 1063 397 1097 et
422 1056 590 1113 speciali
616 1057 797 1111 quodam
831 1055 1045 1112 privilegio
1071 1057 1120 1097 ab
1149 1072 1198 1097 eo
1222 1056 1403 1097 Domino

51 1126 300 1184 postulavit,
328 1126 398 1182 qui
432 1141 478 1167 ea
509 1142 599 1182 que
632 1125 795 1167 Sanctis
821 1126 1026 1180 judicavit
1056 1142 1147 1167 esse
1182 1129 1400 1176 donanda,

53 1214 136 1240 non
157 1198 321 1240 duobus
340 1196 549 1254 Apostolis
566 1230 575 1244 ,
596 1199 668 1238 sed
687 1197 884 1238 omnibus
906 1197 1149 1253 Discipulis,
1174 1197 1299 1238 etiam
1318 1198 1407 1239 sine

54 1266 302 1324 cujusquam
320 1267 585 1323 precatione,
609 1267 846 1308 voluntaria
863 1266 924 1307 sui
942 1266 1134 1323 largitate
1153 1267 1406 1314 contulerit,

55 1338 161 1380 sicut
182 1338 383 1395 seriptum
406 1346 467 1378 est
494 1353 502 1378 :
521 1337 781 1378 «Duodecim
805 1353 876 1378 vos
895 1336 1094 1378 sedebitis
1114 1352 1240 1392 super
1263 1338 1406 1388 sedes,

54 1409 318 1466 »judicantes
343 1408 564 1449 duodecim
591 1407 724 1449 tribus
752 1406 919 1448 lsrael&
939 1425 954 1445 υ

110 1477 319 1520 LXXXV.
359 1478 466 1533 Ergo
499 1477 660 1518 etiamsi
692 1477 889 1533 possibile
922 1485 1118 1532 putemus
1149 1477 1406 1533 postulatum

54 1548 198 1596 fuisse,
235 1548 453 1588 calumniae
483 1549 600 1588 loeus
625 1562 707 1587 non
731 1556 820 1594 est;
841 1555 984 1587 tamen
1009 1561 1107 1587 eum
1131 1547 1305 1602 legerim
1332 1546 1409 1587 Se-

54 1617 216 1674 raphim
239 1616 392 1665 staress,
419 1617 630 1672 quomodo
650 1631 818 1673 possum
842 1616 956 1671 quod
979 1615 1172 1656 homines
1200 1616 1250 1656 ad
1274 1616 1412 1656 dexto-

53 1702 141 1729 ram
160 1688 221 1728 vel
246 1687 297 1727 ad
319 1686 525 1727 sinistram
548 1686 654 1727 Filio
677 1686 752 1727 Dei
787 1686 986 1732 sedeant,
1021 1684 1249 1725 arbitrari?
1276 1683 1412 1740 Supra

55 1756 284 1798 Cherubim
314 1756 515 1797 Dominus
545 1757 684 1803 sedet,
715 1756 823 1796 sicut
848 1755 1008 1798 habes:
1037 1772 1051 1791 «
1077 1754 1160 1804 Qui
1194 1755 1312 1795 sedes
1346 1769 1412 1794 su-

54 1841 156 1883 »per
194 1825 424 1867 Cherubim
447 1858 456 1874 ,
492 1840 644 1882 appare
668 1825 709 1873 5;
743 1844 758 1863 »
790 1825 1004 1880 quomodo
1047 1824 1238 1881 Apostoli
1284 1838 1412 1880 super

58 1895 288 1937 Cherubim
310 1894 545 1936 sedebunt?

114 1964 347 2008 LXXXVI.
385 1965 436 2006 Et
459 1964 539 2006 hoe
568 1972 707 2006 tamen
729 1964 880 2020 colligo
904 1978 989 2004 non
1015 1978 1066 2004 ex
1093 1978 1188 2004 meo
1217 1962 1408 2018 ingenio,

56 2036 128 2077 sed
154 2050 205 2076 ex
231 2034 459 2076 Dominicae
487 2034 599 2074 vocis
627 2036 827 2082 oraequ;
864 2034 951 2089 ipse
983 2033 1096 2073 enim
1124 2032 1330 2074 Dominus
1368 2033 1408 2073 in

55 2105 357 2163 posterioribus
378 2105 600 2160 Apostolos
631 2103 934 2145 commendans
965 2103 1102 2150 Patri,
1138 2103 1224 2143 ait:
1251 2120 1266 2140 «
1291 2102 1414 2144 Pater

57 2190 190 2231 nquos
213 2174 361 2216 dedisti
384 2175 511 2222 mihi,
542 2175 634 2215 volo
658 2182 705 2215 ut
737 2174 809 2215 ubi
832 2189 908 2230 ego
933 2188 1024 2214 sum
1043 2207 1053 2222 ,
1079 2181 1120 2214 et
1142 2173 1199 2214 illi
1224 2173 1306 2214 sint
1327 2188 1412 2213 me-

58 2243 226 2286 »cum⁶.
247 2263 261 2282 n
291 2244 439 2299 Utique
468 2243 500 2284 si
526 2244 753 2299 judicasset
775 2243 870 2299 quia
897 2243 1078 2284 divinam
1112 2242 1253 2283 sedem
1288 2241 1410 2283 Pater

57 2313 298 2357 hominibus
321 2314 466 2363 daret,
491 2314 660 2355 dixisset
683 2329 692 2354 ι
716 2313 819 2354 Volo
845 2321 890 2354 ut
916 2312 985 2354 ubi
1009 2327 1085 2368 ego
1109 2312 1259 2359 sedeo,
1286 2319 1328 2351 et
1355 2311 1412 2351 illi

58 2384 227 2426 sedeant
247 2399 437 2431 mecum3
475 2384 558 2425 Sed
585 2401 600 2420 α
621 2383 750 2431 Volo,
784 2382 942 2438 inquit,
978 2390 1025 2422 ut
1058 2381 1142 2422 sint
1170 2394 1367 2428 mecum,
1387 2399 1401 2418 ι»

58 2469 142 2496 non
162 2462 205 2495 ut
223 2455 394 2495 sedeant
410 2468 604 2500 meeum3
625 2461 662 2495 et
686 2471 701 2489 «
719 2452 796 2494 Ubi
819 2467 895 2509 ego
911 2485 921 2500 ‚
946 2469 960 2490 ι
975 2465 1059 2492 non
1078 2451 1291 2506 quomodo
1311 2465 1403 2506 ego,

107 2565 116 2579 ¹
138 2557 255 2597 Acta,
282 2555 334 2594 54.
349 2574 388 2580 —
409 2565 420 2578 2
451 2556 543 2586 Rom.
568 2565 639 2594 vui,
660 2566 713 2597 29.
737 2572 778 2577 —
798 2555 812 2577 ³
837 2553 957 2587 Maiih.
974 2562 1041 2590 xix,
1062 2553 1111 2585 ²8.
1134 2570 1174 2577 -
1195 2554 1207 2579 ⁴
1228 2551 1301 2585 Isa'i.
1320 2562 1364 2590 w,
1384 2563 1416 2581 2.

63 2630 101 2636 -
123 2612 135 2632 ⁵
157 2610 235 2642 I’sal.
257 2621 360 2645 Lxux,
377 2620 406 2642 2.
428 2627 466 2632 —
481 2610 495 2631 θ
513 2609 612 2641 Joan.
632 2619 711 2647 xvn,
732 2607 786 2645 24·
