1768 3283
542 326 594 352 ΒΕ
627 325 737 359 FIDE,
773 325 851 352 Lm.
890 324 927 352 v·
1327 316 1405 363 243

64 403 222 446 mortis.
251 402 446 446 Ostendit
467 402 603 459 itaque
621 403 827 445 minorem
848 403 1006 445 sactum
1025 403 1064 445 in
1088 404 1224 446 carnis
1248 420 1412 462 suscep-

62 474 187 515 tione.
230 473 344 525 Quid
371 473 498 529 igitur
533 474 708 530 impedit
740 473 838 530 quin
868 474 994 515 etiam
1023 474 1332 530 subjectionem
1366 476 1407 516 in

62 543 199 585 carnis
226 543 491 600 susceptione
515 542 746 599 significet,
771 559 984 600 perquam
1007 544 1204 600 subjiciet
1225 544 1304 586 sibi
1323 560 1409 587 om-

60 614 150 661 nia,
177 615 276 654 dum
297 614 337 654 in
357 614 441 670 ipsa
464 613 574 654 Patri
598 614 683 655 Deo
703 622 764 656 est
788 614 873 671 ipse
904 614 1154 670 subjectus?

122 683 327 726 CLXXII.
376 683 700 724 Consideremus
742 684 883 740 itaque
921 685 1013 738 ejus
1056 684 1365 740 subiectionem
1398 700 1407 727 ε

69 754 245 802 «Pater,
265 754 419 810 iuquit,
442 769 576 802 meus,
601 755 632 795 si
653 754 728 802 vis,
752 754 928 796 transfer
947 756 1120 797 calicem
1140 755 1254 797 hunc
1274 771 1295 797 a
1314 771 1380 797 me
1403 771 1410 795 :

63 843 78 864 »
93 840 238 866 verum
253 839 335 866 non
350 839 442 866 mea
453 826 668 866 voluntate
684 856 693 871 ,
711 826 784 865 sed
805 833 870 865 tua
885 823 996 866 siat¹.
1012 843 1027 863 n
1041 826 1151 882 Ergo
1179 828 1336 867 secund
1346 842 1414 867 um

57 893 421 936 humanaenaturse
441 893 770 951 assumptionem
789 895 868 936 erit
888 895 1212 950 illasubjcctio3
1237 896 1333 953 quia
1358 897 1415 938 si-

56 965 314 1021 cutlegimus
329 981 337 1007 :
355 965 530 1022 «Specie
546 965 741 1007 inventus
764 974 811 1007 ut
832 965 961 1008 homo
978 998 988 1013 ,
1006 965 1242 1009 humiliavit
1260 977 1412 1009 semet-

56 1035 244 1092 »ipsum,
278 1035 408 1078 sactus
440 1037 642 1078 obediens
672 1052 804 1092 usque
838 1038 889 1077 ad
917 1035 1409 1094 1110rtein².»Subjecti0

55 1106 199 1162 utique
230 1106 478 1147 obedientiae
508 1115 592 1154 est,
622 1106 860 1148 obedientia
884 1107 1054 1155 mortis,
1080 1122 1194 1149 mors
1220 1123 1408 1165 assump-

52 1176 175 1217 tionis
197 1175 421 1217 humanae:
449 1176 742 1232 assumptionis
765 1192 863 1233 ergo
888 1176 1081 1217 humanae
1105 1177 1184 1218 erit
1206 1177 1275 1219 illa
1304 1180 1407 1219 sub-

50 1243 191 1300 jectio.
227 1245 497 1302 Nequaquam
528 1245 654 1302 igitur
686 1246 923 1288 Divinitatis
945 1245 1187 1295 infirmitas,
1221 1248 1293 1289 sed
1318 1247 1404 1289 dis-

49 1315 236 1372 pensatio
266 1315 341 1358 ista
364 1317 528 1373 pietatis
551 1325 627 1359 est.

106 1386 332 1429 CLXXIII.
371 1386 475 1429 Vide
497 1403 624 1445 quam
656 1402 741 1428 non
772 1387 942 1430 timeam
967 1402 1115 1430 eorum
1146 1389 1402 1446 propositio·

47 1472 132 1499 nes.
176 1456 241 1498 Illi
283 1456 489 1512 objiciunt
524 1456 837 1514 subjiciendum
874 1458 985 1500 Patri
1021 1459 1111 1500 Deo
1136 1492 1147 1508 ‚
1187 1475 1262 1516 ego
1305 1461 1399 1516 lego

44 1527 182 1569 Mariae
205 1527 419 1568 subditum
450 1527 592 1575 matri3
630 1527 725 1583 quia
755 1528 960 1584 seriptum
991 1536 1052 1570 est
1082 1529 1133 1570 de
1161 1528 1321 1586 ‹Iosepb
1358 1538 1398 1570 et

44 1597 171 1638 Maria
194 1597 299 1638 :«Et
319 1605 408 1638 erat
424 1597 616 1639 subditus
638 1597 717 1639 illis
732 1596 760 1639 ³.
779 1598 891 1639 »Aut
909 1598 941 1639 si
965 1598 1046 1639 hoe
1069 1607 1234 1655 putant,
1258 1599 1400 1642 dicant

43 1668 139 1725 quia
155 1668 395 1711 hominibus
417 1677 506 1711 erat
534 1668 721 1724 subjecta
743 1669 962 1711 Divinitas.

101 1737 322 1780 CLXXIV.
372 1737 464 1780 Non
496 1738 621 1794 igitur
651 1738 899 1795 praejudicet
929 1739 1024 1795 quia
1055 1739 1271 1796 subjectns
1296 1741 1399 1782 dici-

42 1817 132 1857 tnr,
160 1808 227 1850 cui
259 1824 343 1850 non
372 1808 647 1866 praejudicat,
679 1809 776 1865 quia
800 1825 943 1852 servus
974 1811 1150 1868 legitur,
1177 1812 1271 1867 qnia
1302 1827 1394 1853 cru-

40 1879 185 1922 cifixus
200 1880 413 1928 asseritur,
434 1888 625 1921 mortuus
640 1880 904 1936 praedicatur.
927 1881 1122 1931 Quicum
1137 1891 1388 1929 moreretur,

40 1951 231 1999 vivebat3
264 1965 361 1992 cum
392 1950 698 2006 subjiceretur,
727 1951 929 2008 regnabat
956 1966 964 1992 :
991 1967 1087 1992 cum
1116 1952 1387 2008 sepeliretur,

37 2021 311 2063 resuscitabat
326 2038 335 2069 ;
357 2036 405 2062 ae
422 2020 659 2077 jubjectum
677 2036 718 2062 se
734 2022 928 2077 potestati
944 2022 1160 2078 praebebat
1178 2022 1387 2071 humanm,

37 2091 134 2133 alias
158 2107 201 2133 se
221 2090 451 2132 Dominum
474 2091 702 2147 majestatis
723 2091 964 2132 declarabat
987 2100 1166 2134 aetcrnae.
1191 2092 1289 2133 Erat
1311 2093 1386 2133 sub

33 2161 200 2218 judice,
229 2169 270 2202 et
298 2162 349 2202 ad
378 2160 592 2207 dexteram
617 2160 693 2202 Dei
717 2161 867 2203 solium
900 2162 977 2203 sibi
1005 2162 1133 2218 judex
1157 2172 1384 2220 perpetuus

34 2231 287 2273 vindicabat.
320 2230 532 2287 Scriptum
553 2238 614 2272 est
639 2231 818 2287 denique
845 2246 886 2271 :a
906 2232 1070 2272 Amodo
1097 2232 1290 2274 videbitis
1311 2234 1384 2274 Fi-

34 2301 164 2342 »lium
198 2300 378 2343 hominis
409 2301 625 2342 sedentem
657 2302 707 2342 ad
752 2302 967 2342 dexteram
1002 2301 1166 2343 virtutis
1198 2303 1297 2350 Dei,
1342 2313 1384 2345 ct

31 2372 298 2414 »venientem
325 2372 365 2412 in
389 2371 573 2412 nubibus
599 2371 738 2413 coeli4.
757 2390 771 2410 »
795 2369 1032 2429 Vapulabat
1060 2387 1080 2413 a
1103 2373 1283 2421 Judaeis,
1312 2375 1385 2415 im·

31 2443 202 2499 perabat
218 2442 386 2500 Angelis
412 2457 420 2483 :
445 2449 567 2483 natus
585 2457 635 2484 ex
647 2442 774 2484 Maria
789 2443 866 2484 sub
878 2442 988 2499 Lege
1004 2452 1109 2492 erat,
1134 2452 1230 2486 ante
1249 2445 1380 2486 Abra-

32 2512 130 2554 ham
160 2527 284 2570 supra
313 2512 464 2569 Legem
494 2511 623 2554 erat⁵.
660 2512 706 2554 ln
741 2527 870 2554 cruce
895 2515 1159 2555 venerandus
1189 2523 1338 2558 natura
1370 2532 1379 2558 :

80 2624 89 2638 ¹
110 2615 190 2648 Luc.
207 2626 286 2653 xm,
304 2614 414 2652 412.—
429 2622 443 2639 ¹
462 2615 586 2658 Philip.
606 2625 642 2652 ιι,
661 2614 694 2647 S.
720 2631 758 2640 ..-
780 2616 793 2639 ³
812 2597 892 2647 Lue.
920 2625 958 2653 ιι,
988 2616 1039 2648 51.
1059 2633 1097 2640 —
1120 2619 1130 2644 4
1159 2617 1278 2650 Mauh.
1299 2630 1388 2658 uu,

34 2668 90 2707 64.
115 2684 157 2695 -
176 2670 190 2694 ⁵
209 2668 314 2702 Galat.
334 2678 378 2709 iv,
394 2668 427 2706 4.

1170 2726 1235 2770 16.
