1768 3283
707 356 843 385 mnex.
1369 335 1452 380 523

152 437 185 466 et
200 433 315 467 Paulus
329 436 450 468 tametsi
464 447 480 468 3
498 435 627 469 Christo
645 435 785 468 Domino
801 435 918 466 electus
932 457 940 472 ‚
967 432 1097 466 edoctus
1119 437 1223 464 tamen
1240 428 1335 462 suerit
1350 438 1368 461 a

152 488 287 531 Spiritu.
1092 499 1094 501 ·
1393 481 1455 514 5⁶6

107 541 216 575 emur
237 546 318 578 ΧΗ.
347 547 487 580 Probato
507 547 661 591 Spiritum
676 558 765 590 aeque
783 545 923 578 revelare
940 551 971 577 et
983 545 1118 579 Filium,
1133 538 1293 585 quomodo
1306 548 1369 569 ¹¹0¹]

149 596 300 640 loquatur
314 612 330 632 a
347 613 380 633 se
393 602 475 635 idem
499 603 652 645 Spiritus,
667 602 859 645 explicatur;
872 601 1113 641 ostenditurque
1128 607 1191 628 non
1205 590 1371 636 cogitanda

148 648 183 681 in
201 652 270 692 ipso
284 665 436 697 corporea
454 669 570 699 organa
584 680 592 695 ‚
619 669 677 689 nec
693 658 787 689 ullam
804 656 1050 688 inferioritatem
1066 664 1103 685 ex
1119 661 1156 684 eo
1167 647 1345 690 fingendam
1358 669 1366 681 .

149 706 238 745 quod
253 709 363 742 audire
379 711 523 752 legatur3
543 712 673 754 quando
695 712 779 743 idem
806 711 890 742 Filio
916 715 995 742 esset
1020 704 1280 740 attribuendum:
1309 701 1372 732 imo

150 768 228 791 vero
244 763 337 795 etiam
349 765 454 804 Patri,
469 777 539 797 cum
551 772 583 798 et
599 766 664 808 ipse
675 766 784 798 audiat
803 765 931 797 Filium.
948 763 1104 805 Spiritum
1117 760 1212 802 igitur
1223 768 1261 790 eo
1279 765 1372 787 sensu

150 813 262 847 audire
273 822 303 849 et
315 818 485 851 clarificare
504 820 621 851 Filium
635 843 642 857 ,
662 819 747 862 quod
765 830 836 851 eum
851 817 1020 860 Prophetis
1034 823 1132 859 atque
1149 811 1308 856 Apostolis
1321 820 1370 842 re-

153 867 286 905 velavit:
310 882 371 913 qua
398 884 435 903 ex
460 883 494 904 re
519 874 715 914 operationis
734 873 830 905 trium
855 882 1058 913 personarum
1077 869 1181 901 unitas
1197 866 1372 900 astruitur3

151 927 183 954 et
198 932 269 955 cum
284 925 397 957 eadem
412 927 549 969 Spiritus
562 932 726 968 operetur,
747 938 817 969 quae
831 927 939 964 Pater,
959 924 1071 957 eadem
1087 932 1214 966 quoque
1228 919 1370 951 declara·

152 981 205 1008 tur
223 979 388 1023 utriusque
406 992 471 1014 esse
487 981 676 1014 substantia.
1393 971 1452 1013 37¹

109 1029 220 1062 Gne-r
235 1032 339 1066 xllt.
362 1035 570 1077 Prophetiam
588 1036 681 1068 {uisse
698 1047 763 1068 non
781 1036 881 1068 solum
897 1046 914 1067 a
927 1035 1024 1068 Patre
1038 1045 1073 1067 ac
1090 1033 1173 1065 Filio
1184 1054 1194 1071 ,
1209 1031 1262 1064 sed
1275 1029 1372 1062 etiam

149 1096 166 1117 3
188 1086 312 1129 Spiritu
330 1100 337 1120 :
355 1090 448 1132 hujus
464 1101 592 1133 quoque
606 1090 691 1123 idem
706 1101 779 1122 eum
796 1092 841 1122 eis
858 1089 1025 1133 imperium
1038 1095 1134 1130 atque
1154 1086 1373 1130 operationem

151 1139 184 1171 in
202 1141 373 1184 Apostolos
389 1144 558 1184 significari
574 1156 583 1182 ;
613 1150 644 1177 et
670 1145 744 1176 inde
770 1145 802 1176 in
835 1145 936 1176 tribus
959 1142 1199 1183 intelligendum
1224 1138 1348 1182 imperii
1363 1159 1373 1176 ‚

149 1196 388 1230 constitutionis
415 1199 634 1242 largitatisque
658 1199 813 1232 unitatem
835 1210 842 1230 ε
862 1209 925 1230 non
954 1197 1130 1230 timendum
1156 1201 1260 1228 tamen
1278 1204 1314 1226 ex
1331 1203 1370 1225 eo

149 1252 314 1284 consortio
328 1254 571 1296 praejudicium:
595 1265 666 1286 cum
679 1255 757 1287 illud
773 1255 877 1286 necin
892 1254 1031 1285 humana
1046 1251 1184 1284 amicitia
1198 1250 1302 1282 locum
1314 1248 1371 1280 ha-

148 1302 236 1337 beat.
253 1306 401 1350 Denique
414 1308 496 1340 hanc
508 1319 574 1341 esse
586 1309 767 1351 apostolicae
787 1308 860 1341 fidei
876 1308 1095 1341 haereditatem
1114 1306 1189 1337 hinc
1204 1302 1373 1336 confirma-

150 1364 215 1395 tur,
232 1361 318 1402 quod
333 1361 476 1404 Apostoli
492 1363 672 1397 scribantur
687 1363 822 1405 Spiritui
837 1368 945 1395 sancto
959 1361 1207 1403 obtemperasse.
1393 1356 1456 1398 577

105 1412 207 1445 Lmn
226 1414 294 1446 111.
314 1415 421 1459 Caput
435 1417 462 1449 Ι.
479 1417 550 1450 Non
569 1423 692 1450 tantum
706 1418 886 1459 Prophetas
902 1422 934 1449 et
953 1415 1121 1458 Apostolos
1135 1425 1151 1446 a
1168 1412 1289 1455 Spiritu
1300 1411 1371 1443 mis-

149 1477 218 1504 505,
235 1479 345 1501 verum
362 1471 459 1503 etiam
476 1472 592 1504 Filium
608 1472 679 1504 Dei.
699 1471 862 1504 Probatur
876 1471 906 1502 id
926 1481 964 1502 ex
976 1470 1058 1502 Isa'ia
1069 1492 1079 1508 ‚
1093 1475 1126 1502 et
1141 1465 1350 1508 Evangelistis
1361 1486 1372 1503 ⁵

149 1531 309 1565 quamque
323 1523 365 1555 ob
379 1535 503 1557 causam
513 1525 659 1557 eumdem
668 1525 824 1567 Spiritum
840 1526 918 1557 sicut
936 1523 1113 1556 columbam
1127 1520 1322 1555 descendisse
1336 1529 1372 1553 ae

148 1585 244 1617 super
261 1577 426 1611 Christum
444 1590 570 1612 manere
592 1581 693 1612 Lucas
712 1580 894 1622 scripserit,
916 1578 1100 1621 exponitur.
1121 1576 1246 1609 Dehinc
1262 1574 1372 1608 eadem

149 1629 272 1663 Christi
290 1632 436 1666 missione
459 1633 645 1667 confirmata
661 1658 669 1670 ‚
689 1635 806 1666 Filium
824 1644 840 1666 a
861 1634 956 1666 Patre
971 1638 1004 1666 et
1018 1632 1142 1675 Spiritu
1157 1642 1221 1663 non
1237 1640 1326 1663 secus
1340 1639 1376 1661 ac

148 1681 305 1724 Spiritum
318 1696 335 1717 3
349 1685 443 1718 Patre
458 1692 490 1719 et
506 1688 589 1719 Filio
605 1687 688 1720 mitti
701 1687 875 1727 colligitur.
1395 1682 1455 1713 38²

106 1734 216 1768 cipur
234 1738 280 1770 11.
301 1740 419 1772 Filium
435 1742 568 1783 perinde
584 1752 620 1773 ac
634 1742 790 1783 Spiritum
805 1741 872 1774 dari
891 1752 900 1778 ;
923 1741 1008 1773 unde
1022 1751 1087 1772 non
1114 1739 1269 1781 subjectio
1283 1761 1291 1774 .
1316 1737 1371 1770 sed

148 1800 210 1822 una
226 1791 384 1826 Divinitas
396 1795 581 1836 operatione
598 1795 846 1828 demonstratur.
1394 1790 1456 1823 385

107 1842 216 1876 Gna-r
244 1846 310 1879 111.
335 1849 489 1881 Eamdem
507 1860 634 1892 quoque
657 1850 812 1882 unitatem
829 1849 903 1881 inde
926 1849 1091 1891 cognosci,
1119 1848 1204 1890 quod
1233 1847 1373 1890 Spiritus

149 1898 266 1940 digitus
277 1901 413 1937 dicatur.
427 1909 456 1936 et
472 1903 571 1935 Filius
583 1904 713 1935 dextera
726 1915 735 1940 ;
752 1903 879 1935 humani
891 1903 976 1934 enim
985 1903 1138 1934 sermonis
1147 1900 1375 1934 consuetudine

147 1953 249 1994 juvari
278 1955 463 1988 divinorum
490 1958 743 1999 intelligentiam.
766 1958 838 1989 Hoc
860 1957 963 1999 digito
978 1956 1110 1999 scriptas
1126 1957 1218 1989 fuisse
1235 1955 1311 1997 legis
1325 1960 1374 1987 ta-

148 2005 256 2043 bulas,
272 2019 343 2051 quae
356 2015 463 2051 postea
483 2010 590 2043 fractae
606 2017 679 2043 sunt
694 2033 704 2049 ‚
723 2018 753 2044 et
768 2022 829 2052 qua
848 2011 886 2042 de
901 2021 991 2042 causa
1006 2014 1019 2041 ἲ
1045 2009 1184 2052 denique
1209 2009 1373 2041 Christum

146 2060 304 2103 scripsisse
317 2063 428 2096 eodem
442 2065 542 2106 digito
558 2077 565 2096 :
582 2076 640 2097 nec
654 2066 750 2097 ullam
768 2071 872 2098 tamen
890 2077 907 2097 e
920 2074 1073 2107 corporea
1088 2063 1325 2110 comparatione
1337 2063 1370 2096 in

150 2112 271 2156 Spiritu
288 2117 520 2150 admittendam
536 2130 601 2151 esse
618 2119 876 2152 inferioritatem.
1393 2116 1457 2148 386

106 2166 216 2199 Cnrur
232 2169 290 2202 1v.
312 2171 469 2214 Spiritum
486 2179 656 2215 propterea
670 2173 756 2215 quod
767 2174 883 2212 digitus
897 2178 1039 2207 vocatur.
1053 2172 1208 2203 minorem
1225 2181 1291 2203 esse
1302 2182 1375 2204 con·

150 2223 369 2265 tendentibus,
383 2227 500 2269 regerit
516 2229 575 2260 hoc
592 2239 719 2271 quoque
733 2229 765 2260 in
778 2228 849 2259 Filii
863 2252 870 2264 ‚
886 2228 939 2269 qui
954 2227 1064 2259 dextra
1077 2226 1206 2266 dicitur,
1221 2225 1372 2268 injuriam

149 2284 305 2311 converti.
316 2279 395 2312 Haec
405 2291 480 2322 ergo
488 2281 617 2313 nomina
627 2292 691 2313 non
703 2281 760 2312 nisi
776 2281 814 2312 ad
827 2281 981 2313 unitatem
996 2280 1182 2312 Divinitatis
1193 2279 1370 2316 reserenda:

147 2331 232 2363 unde
249 2333 375 2377 Moyses
393 2340 493 2367 totam
508 2336 702 2368 Trinitatem
720 2335 751 2367 in
770 2336 863 2366 maris
879 2335 980 2367 Rubri
997 2334 1134 2366 transitu
1154 2333 1271 2366 cecinit
1287 2343 1368 2376 ope·-

150 2391 264 2419 ratam.
283 2388 348 2420 Nec
363 2399 436 2421 sane
454 2390 571 2422 mirum
589 2390 632 2421 ibi
649 2389 788 2432 Spiritus
801 2390 940 2421 extitisse
958 2389 1180 2431 operationem
1195 2411 1204 2427 ‚
1220 2388 1274 2419 ubi
1293 2388 1371 2431 bap-

150 2439 233 2472 tismi
248 2440 348 2482 figura
361 2442 438 2478 fuit;
453 2443 607 2486 siquidem
622 2444 653 2475 in
673 2444 732 2475 hoc
746 2449 808 2475 tres
823 2453 971 2486 personas
981 2453 1017 2474 ex
1026 2452 1118 2484 aequo
1133 2443 1273 2484 operari,
1286 2451 1372 2473 sanc·

148 2492 331 2538 tificareque
349 2497 512 2539 Scriptura
529 2499 631 2530 docet.
1393 2494 1454 2536 389

106 2546 219 2578 Cnnr
234 2549 277 2581 V.
303 2550 433 2592 Colligit
449 2557 588 2594 coeptum
603 2557 838 2595 argumentum,
850 2557 881 2583 et
892 2551 1046 2583 unitatem
1063 2559 1120 2591 per
1128 2548 1260 2590 digitum
1277 2553 1372 2590 atque

151 2599 318 2634 dexteram
332 2604 501 2645 significari
518 2606 590 2638 inde
603 2605 780 2640 confirmat.
798 2606 884 2647 quod
900 2605 1009 2636 eadem
1023 2614 1118 2646 opera
1138 2602 1197 2634 Dei
1211 2605 1285 2636 sint.
1299 2612 1371 2645 quae

151 2661 224 2687 sunt
244 2667 414 2694 manuum:
434 2665 464 2691 et
479 2670 551 2702 quae
568 2670 721 2691 manuum
737 2681 746 2697 ,
765 2659 874 2691 eadem
892 2659 988 2690 etiam
1012 2658 1075 2690 sint
1102 2657 1272 2699 digitorum
1301 2667 1309 2688 z
1339 2668 1373 2689 ac
