1768 3283
0 470 3 512 ἑ

376 267 427 294 ωε
461 266 618 295 spuu'ru
654 267 831 301 smero,
868 268 946 295 mn.
987 268 1029 295 11.
1305 258 1387 300 365

38 344 162 387 etiam
176 344 352 402 Spiritus
366 352 535 386 sanctus
551 360 633 387 non
648 344 844 387 discrevit
857 344 1073 400 utriusque
1088 346 1228 403 populi
1241 348 1385 399 corda,

37 416 110 456 sed
132 414 283 470 junxit.
1248 412 1258 420 ’

98 483 207 527 CXL
245 483 336 526 Nou
366 499 466 542 crgo
499 493 698 542 tanquam
730 485 904 528 Judaeus
936 493 1181 527 contemnas
1205 486 1357 529 Filium
1377 521 1387 537 ,

38 568 162 610 quem
195 554 549 596 annuntiaverunt
570 555 812 612 Prophetae3
842 564 1086 597 contemnas
1116 555 1240 597 etiam
1265 555 1390 614 Spiri-

37 632 125 664 tum
145 633 354 672 sanctum,
377 634 624 666 contemnas
642 626 803 667 Esaiam
824 658 833 673 ‚
854 634 1097 667 contemnas
1116 625 1385 676 Hieremiam,

36 708 160 750 quem
200 695 250 736 de
283 696 378 736 lacu
408 694 596 736 Judatcae
632 696 782 737 doinus
816 695 885 736 ille
917 704 1179 752 assumptusa
1209 695 1390 738 Domino

34 763 182 820 pannis
215 773 256 806 et
282 764 452 805 funibus
482 765 698 807 elevavit¹.
736 765 922 807 Verbum
950 765 1061 806 enim
1092 764 1390 821 propheticum

37 833 268 890 despiciens
283 867 292 881 ,
313 834 353 875 in
374 835 513 875 lacum
539 836 794 876 demerserat
813 850 907 876 eum
927 836 1106 892 populus
1123 834 1385 878 Judaeorum.

35 902 120 945 Nec
143 904 363 960 quisquam
382 905 573 946 iuventus
597 914 659 947 cst
682 905 732 946 de
753 905 912 947 Judaeis
937 905 1008 961 qui
1032 906 1189 947 levaret
1207 906 1390 963 Prophe-

34 981 144 1024 tam,
190 976 263 1016 sed
300 990 406 1016 unus
444 974 634 1033 [Ethiops
669 976 955 1019 Abdcmelech
973 1009 984 1025 ‚
1025 977 1134 1019 sicut
1173 976 1389 1034 Scriptura

36 1053 227 1087 testatur.

95 1116 223 1158 CXII.
263 1116 309 1157 In
331 1132 413 1173 quo
431 1117 600 1159 nomine
622 1116 754 1174 figura
775 1116 1058 1174 pulcherrima
1082 1126 1170 1166 est,
1192 1118 1286 1175 quia
1306 1135 1389 1162 scr·

0 1233 1 1244 ἵ
35 1201 203 1229 monem
233 1187 553 1243 propheticum,
585 1204 708 1243 quem
736 1188 872 1229 Judaei
903 1190 1016 1229 velut
1042 1188 1081 1229 in
1112 1204 1281 1231 coenum
1303 1206 1387 1232 sua:

35 1256 186 1299 mentis
212 1257 430 1312 carnisque
455 1257 745 1299 detruserant²
764 1290 773 1305 ,
807 1273 881 1299 nos
907 1257 1100 1299 videlicet
1123 1274 1172 1300 ex
1195 1259 1388 1314 gentibus

0 1342 1 1350 ¹
33 1337 298 1386 peccatores,
335 1328 439 1385 nigri
470 1338 564 1370 ante
588 1329 773 1377 delictis,
810 1337 852 1370 et
886 1328 1098 1384 quondam
1139 1329 1387 1372 infructuosi

35 1400 284 1441 elevavimus
304 1400 354 1460 de
379 1400 599 1456 profundo.
624 1400 675 1441 Et
696 1400 788 1441 idco
808 1400 1011 1456 scriptum
1029 1409 1091 1442 est
1113 1416 1120 1441 :
1141 1420 1155 1437 υ
1173 1402 1384 1459 AEttxiopia

35 1469 306 1526 npraelevahit
334 1484 480 1510 manus
510 1485 604 1511 suas
635 1469 749 1511 Dco³
785 1470 861 1511 »In
892 1485 975 1526 quo
1004 1479 1155 1513 sanctae
1187 1471 1383 1513 Ecclesiae

0 1570 1 1578 ,
35 1541 190 1596 species
203 1538 475 1596 significatur,
493 1555 583 1595 quae
601 1540 656 1580 ait
671 1539 710 1580 in
727 1539 909 1581 Canticis
925 1541 1188 1582 canticorum
1204 1556 1212 1582 :
1231 1559 1244 1578 <t
1263 1541 1387 1598 Nigra

34 1626 156 1652 »sum
183 1619 224 1652 et
256 1610 427 1659 decora,
457 1609 552 1651 filim
574 1608 859 1651 Hierusalem*
880 1626 890 1657 ‚-
918 1611 1063 1666 »nigra
1087 1626 1161 1667 per
1190 1612 1354 1668 culpam
1372 1645 1384 1662 ‚

35 1681 186 1722 decora
216 1695 290 1737 per
312 1680 484 1736 gratiam
510 1695 517 1721 :
540 1680 656 1736 nigra
681 1694 755 1736 per
782 1680 1089 1728 conditionem,
1123 1680 1275 1722 decora
1312 1694 1386 1738 per

34 1750 366 1807 redemptionem
388 1764 398 1791 ε
418 1759 487 1791 aut
504 1758 616 1791 certe
634 1750 750 1805 nigra
770 1749 956 1791 exercitii
977 1749 1040 1791 sui
1055 1751 1239 1806 pulvere.
1259 1750 1384 1807 Nigra

35 1836 149 1878 ergo,
175 1822 275 1862 dum
294 1822 694 1878 praeliatumdecora
720 1828 802 1869 cst,
825 1820 924 1862 dum
948 1821 1129 1862 victoriae
1152 1837 1235 1863 suae
1257 1821 1384 1879 insig-

34 1891 156 1932 nibus
178 1900 415 1933 coronatur.

94 1960 244 2002 CXItt.
283 1962 334 2002 Et
356 1962 462 2002 bene
487 1960 657 2003 funibus
680 1962 842 2003 levatur
866 1961 1088 2018 Propheta;
1115 1961 1247 2004 fidelis
1268 1963 1383 2006 enim

36 2030 137 2072 dixit
157 2046 165 2071 :
185 2048 198 2068 «
212 2031 350 2072 Funes
367 2031 723 2072 cecideruntmihi
740 2031 778 2072 in
795 2032 1045 2088 praeclaris⁵.
1064 2033 1382 2090 »Benepanniq

35 2101 130 2157 quia
149 2101 235 2157 ipse
261 2101 461 2142 Dominus
475 2133 484 2148 ‚
506 2102 802 2142 excusantibus
821 2101 883 2142 his
906 2102 976 2157 qui
998 2102 1133 2158 primo
1152 2104 1201 2144 ad
1221 2103 1385 2160 nuptias

34 2171 171 2212 vocati
191 2172 357 2213 fuerant
374 2203 383 2218 ,
409 2171 459 2212 ad
483 2171 616 2212 exitus
641 2171 799 2212 viarum
823 2162 1025 2218 misit3ut
1045 2179 1247 2227 quotquot
1270 2172 1387 2214 inve-

35 2241 227 2284 nirentur
255 2250 295 2283 et
325 2242 425 2284 boni
462 2251 502 2283 et
537 2242 657 2290 mali,
700 2243 752 2283 ad
788 2242 953 2298 nuptias
985 2243 1278 2286 vocarentur-⁶.
1315 2243 1385 2286 His

36 2311 175 2369 itaque
200 2313 347 2369 pannis
368 2312 667 2369 propheticum
695 2312 868 2353 verbum
891 2312 1041 2354 levavit
1064 2328 1086 2354 e
1105 2328 1237 2355 coeno.

83 2421 91 2435 ¹
111 2412 228 2444 Jerem.
245 2424 380 2454 xxxviii,
407 2424 454 2444 ιο.
476 2431 515 2437 --
532 2423 543 2436 2
567 2413 722 2445 lb'ul.11.
742 2431 781 2437 --
799 2415 811 2436 ³
833 2413 915 2446 Psat.
939 2415 1102 2454 nvnffloe.
1125 2433 1158 2439 —-
1178 2415 1386 2455 ⁴Caut.1‚4.

34 2484 76 2494 —-
96 2469 108 2490 ⁶
128 2467 212 2499 Psal.
228 2477 278 2504 xv,
293 2467 322 2498 6.
342 2485 377 2491 -
396 2468 410 2489 ⁶
427 2467 545 2500 Manli.
562 2478 645 2511 xxii,
667 2479 698 2510 9,
717 2478 766 2500 10.
