1768 3283
265 293 317 320 nn
350 290 518 319 mcum.
557 287 698 317 nomm.
737 284 1027 320 sACRAMENTO,
1062 286 1138 314 Lm.
1178 287 1204 315 1.
1332 274 1408 323 481

74 369 171 425 ipsae
205 369 469 425 exprimunt,
513 366 712 424 quoniam
745 365 806 406 vis
837 365 973 405 divina
1006 368 1091 404 οὔπα
1108 369 1182 411 ἀεὶ,
1215 365 1295 406 hoc
1329 374 1414 413 est,

76 453 172 480 cum
195 439 246 479 sit
263 454 444 494 semper,
465 444 563 479 οὐσία
584 436 752 482 dicitur,
779 436 900 476 unius
921 435 1068 475 littcrae
1089 442 1250 475 mutato
1273 435 1420 476 ordine

76 518 247 565 propter
281 523 431 550 sonum
467 517 509 549 et
546 506 843 564 compendium
885 507 1166 561 decoremque
1203 506 1418 546 sermonis.

75 579 185 636 Ergo
206 583 328 628 οὐσία,
347 579 460 635 quod
477 593 642 635 semper
659 576 711 619 sit
731 576 842 618 Deus
858 608 867 624 ‚
893 574 1099 632 significat
1119 590 1128 616 :
1153 574 1326 632 ingeniti
1350 590 1424 617 au-

77 656 184 696 tem,
211 656 256 689 ut
280 656 324 689 tu
349 649 430 696 vis,
457 648 521 689 vel
542 647 670 703 geniti
689 646 913 703 appellatio
935 646 1149 702 quomodo
1174 646 1250 693 sit,
1284 646 1424 687 decla-

78 724 162 765 rat,
187 716 269 759 hoc
292 725 376 766 est,
402 717 516 773 quod
540 732 625 758 non
648 731 698 758 ex
722 716 800 757 alio
823 715 875 757 sit
892 716 1030 764 Pater,
1054 730 1132 757 nec
1153 730 1202 757 ex
1219 731 1262 757 se
1279 715 1423 757 Filius.

78 785 249 844 Species
276 786 344 828 hic
367 787 533 828 videtur
548 801 638 827 esse
656 786 828 828 diversa.
854 784 1024 841 Species
1047 785 1192 841 utique
1214 784 1428 836 distincta,

80 857 153 900 sed
175 857 416 899 indistincta
443 855 661 898 Divinitas.

140 925 205 967 CI.
245 925 406 977 Quaeris
440 925 652 981 quomodo
691 924 772 966 hoc
811 924 982 981 probari
1015 923 1148 981 possit
1158 923 1176 965 ἱ)
1217 924 1353 966 Etiam
1389 925 1431 966 in

81 995 284 1036 creaturis
305 995 523 1036 ostendam
538 995 743 1036 diversam
758 994 958 1051 speciem,
974 994 1133 1035 diversa
1149 994 1265 1036 initia
1286 994 1327 1035 in
1350 995 1434 1051 ple-

81 1065 242 1121 risque,
271 1073 312 1107 et
336 1080 462 1107 unam
485 1080 574 1107 esse
592 1064 867 1106 substantiam
886 1098 896 1115 ,
916 1073 958 1106 et
980 1065 1031 1106 de
1052 1063 1280 1121 Scripturis
1297 1079 1434 1106 exem-

82 1136 150 1192 pla
172 1134 395 1192 proferam.
423 1135 569 1191 Itaque
595 1134 628 1176 si
650 1135 690 1176 in
711 1133 775 1176 his
798 1149 889 1191 quae
915 1134 1106 1176 mortalia
1120 1143 1239 1183 sunt,
1261 1134 1344 1177 hoc
1365 1151 1437 1192 po-

84 1213 166 1248 test
196 1205 438 1254 convenire3
463 1206 822 1262 quemadmodum
854 1205 986 1248 Patris
1012 1214 1055 1248 et
1078 1206 1173 1248 Filii
1196 1214 1238 1248 et
1259 1205 1437 1265 Spiritus

83 1275 302 1319 Divinitati
322 1277 461 1334 legem
485 1276 706 1333 cujusdam
728 1276 988 1334 necessitatis
1010 1276 1263 1334 imponunt?

145 1345 233 1389 CII.
273 1346 428 1389 Omnia
440 1362 593 1404 nempe
606 1346 791 1389 volatilia
808 1361 900 1403 quae
917 1346 1107 1404 ejusdem
1123 1346 1285 1404 generis
1297 1346 1444 1390 viden-

87 1423 172 1464 tur,
186 1415 377 1472 ejusdem
392 1416 536 1473 utique
553 1424 595 1458 et
615 1425 776 1459 naturae
793 1425 906 1465 sunt,
920 1425 967 1458 ut
979 1416 1211 1473 aquilarum
1226 1432 1356 1459 unum
1371 1433 1441 1475 ge-

88 1502 167 1529 nus
189 1496 231 1530 et
252 1502 335 1529 una
360 1496 508 1530 natura
539 1496 626 1537 est,
662 1489 878 1530 vulturum
905 1487 1110 1536 similiter,
1131 1496 1173 1530 et
1190 1497 1440 1531 caeterorum

90 1559 322 1600 secundum
348 1573 479 1616 genus
500 1573 623 1601 suum
642 1558 887 1601 volatilium.
909 1558 1279 1610 Quemadmodum
1300 1569 1441 1602 autem

91 1628 298 1687 coeperint
318 1645 408 1672 esse
429 1628 626 1678 volatilia,
641 1637 725 1671 tres
737 1629 896 1686 species
919 1630 1169 1687 reperimus,
1184 1638 1226 1672 et
1239 1640 1354 1673 ortus
1367 1647 1441 1673 eo-

92 1713 342 1742 rumcausas
354 1700 532 1757 legimus
542 1699 836 1742 essediversas.
861 1700 1075 1757 Scriptum
1088 1709 1150 1743 est
1163 1701 1277 1742 enim
1293 1701 1444 1744 dixisse

93 1789 109 1808 v
123 1769 259 1811 Deum
277 1784 287 1811 :
316 1787 331 1808 ι
354 1769 595 1812 Producant
609 1785 724 1826 aquae
742 1770 930 1826 repentia
944 1770 1179 1813 animarum
1191 1772 1418 1814 viventium
1433 1806 1443 1820 ,

97 1847 167 1882 »et
187 1840 368 1882 volatilia
392 1840 667 1882 volantium¹.
693 1840 775 1883 »Et
791 1841 916 1897 paulo
932 1850 1051 1898 post,
1079 1855 1176 1883 cum
1203 1842 1444 1899 paradisum

96 1909 263 1952 fecisset
280 1911 414 1960 Deus,
440 1921 483 1953 et
504 1911 710 1969 posuisset
736 1912 776 1953 in
800 1927 850 1954 eo
871 1911 1106 1961 hominem,
1135 1913 1340 1971 scriptum
1358 1921 1445 1964 est,

98 1980 395 2040 quiafiguravit
425 1983 538 2026 Deus
556 1984 607 2025 de
621 1992 732 2025 terra
753 1983 905 2026 bestias
929 1984 1040 2041 agri,
1054 1993 1096 2026 et
1108 1986 1289 2028 volatilia
1307 1987 1442 2029 coeli².

97 2052 398 2111 Significantur
434 2070 532 2110 ergo
566 2055 747 2097 volatilia
778 2056 980 2098 hocloco
1013 2054 1190 2113 figurata
1227 2057 1278 2098 de
1317 2065 1442 2100 terra.

97 2123 233 2182 Supra
262 2141 429 2182 quoque
459 2127 594 2184 legisti
634 2127 730 2183 quia
764 2126 867 2168 dixit
885 2127 998 2170 Deus
1021 2127 1163 2170 avibus
1190 2143 1198 2169 ε
1227 2129 1448 2171 «Crescite

101 2203 172 2237 »et
193 2194 583 2252 multiplicamini³;
606 2216 620 2235 n
646 2197 791 2253 utique
819 2213 869 2239 ex
896 2201 1012 2240 co'itu
1034 2198 1159 2240 maris
1193 2207 1234 2240 et
1265 2199 1445 2241 soeminae

101 2265 380 2321 generationis
411 2266 672 2308 incrementa
711 2267 972 2324 praecipiens.
1009 2268 1156 2324 Itaque
1195 2269 1449 2310 advertimus

102 2333 228 2375 etiam
250 2349 340 2391 quae
357 2336 480 2377 unius
498 2337 659 2393 generis
682 2345 798 2385 sunt,
820 2338 982 2380 diverso
1000 2340 1127 2380 modo
1144 2354 1233 2380 esse
1250 2340 1449 2396 coepisse:
1508 2376 1514 2383 .

105 2403 182 2446 alia
203 2405 255 2446 de
283 2405 420 2462 aquis,
447 2407 522 2448 alia
547 2409 598 2448 de
624 2415 730 2449 terra
749 2440 759 2455 ‚
787 2408 862 2449 alia
888 2409 938 2449 de
963 2409 1088 2450 maris
1115 2419 1156 2450 et
1178 2409 1359 2450 soeminae
1380 2425 1453 2466 ge-

105 2475 345 2524 neratione3
373 2485 414 2518 et
440 2477 566 2520 unius
590 2486 730 2520 tamen
754 2478 842 2520 haec
865 2493 954 2521 esse
975 2488 1157 2528 naturae,
1197 2480 1434 2521 dissimilitu

106 2545 335 2603 dinemque
352 2548 595 2590 substantiae
618 2564 703 2590 non
723 2548 893 2590 habere.

153 2642 163 2658 ⁸
182 2636 266 2668 Gen.
283 2648 306 2677 ι,
324 2648 378 2671 20.
399 2657 430 2663 —
453 2649 464 2663 ²
488 2639 537 2671 ld.
554 2651 592 2678 ιι,
613 2649 660 2681 19.
686 2658 724 2664 -
751 2639 874 2676 ³1d.1,
895 2650 945 2670 22.

259 2706 341 2734 mx,
1261 2697 1305 2734 :51
