1768 3283
314 293 397 334 520
901 307 1036 335 1Nn13x.

356 393 421 415 csse
438 407 447 423 ,
473 393 531 416 nec
545 383 730 416 mutabilem
748 395 754 414 z
771 393 841 415 eum
861 393 986 424 semper
1002 383 1120 415 bonum
1139 393 1203 415 esse
1215 405 1224 422 ‚
1238 393 1309 415 cum
1325 395 1341 415 a
1356 383 1451 415 Patre
1472 383 1564 414 detur

354 443 415 470 eta
433 437 529 472 Filio:
547 448 605 469 nec
617 437 699 469 inter
711 447 746 468 ea
760 447 829 478 quae
848 437 1006 468 declinare
1021 437 1169 469 dicuntur
1183 437 1428 472 numerandum
1447 436 1567 468 sontem

353 490 509 522 bonitatis
521 513 531 529 ,
552 490 706 532 Spiritum
719 490 782 521 oris
797 491 858 521 Dri
868 514 875 524 .
892 490 1046 521 malorum
1059 490 1310 529 emendatorem,
1321 490 1441 522 bonum
1458 499 1569 521 neccs-

355 545 438 576 sario
452 543 685 577 confitendum:
703 549 862 586 postremo
883 554 954 575 cum
973 546 1005 576 in
1024 543 1309 586 Scripturisbonus
1323 543 1510 580 affirmetur,
1537 547 1569 574 et

354 598 441 630 Patri
457 609 493 629 ac
505 598 588 629 Filio
604 600 820 640 conjungatur
833 598 865 629 in
880 598 1068 639 baptismate
1080 621 1090 636 ‚
1108 598 1227 629 bonum
1255 600 1361 636 negari
1382 598 1567 639 neutiquam

354 652 456 683 posse,
470 647 649 672 nectamen
662 642 722 672 dici
740 641 872 672 inbono
891 640 1132 683 proficientem,
1149 641 1204 672 sed
1225 640 1443 683 perficientem
1460 651 1467 672 ε
1483 639 1570 682 quod

352 706 423 727 eum
437 695 477 726 ab
489 695 639 727 omnibus
650 695 816 736 distinguit
828 696 994 728 creaturis.

315 751 425 782 emir
448 748 508 780 VI.
535 749 725 791 Quanquam
741 749 771 780 in
787 759 868 791 aqua
885 755 915 781 ct
928 749 1052 791 Spiritu
1063 749 1282 791 baptizamur,
1299 749 1382 781 hunc
1396 754 1502 781 tamen
1521 748 1565 779 illi

354 803 446 843 longe
463 808 632 844 praestare;
651 808 746 844 atque
760 802 838 834 adeo
855 813 918 834 non
933 803 1162 845 sejungendum
1179 814 1195 834 a
1213 803 1307 835 Patre
1322 808 1353 835 et
1369 802 1462 833 Filio.

314 855 423 886 CArur
448 855 529 887 Vll.
554 855 710 899 Spiritum
726 863 869 889 sanctum
885 863 1065 889 creaturam
1083 867 1146 888 non
1165 867 1248 896 esse,
1266 867 1336 888 cum
1346 857 1386 888 sit
1401 856 1569 887 incircum-

351 910 500 952 scriptus,
515 915 547 941 et
557 910 719 952 Apostolis
733 922 788 953 per
801 921 909 943 omnes
922 911 1065 953 regiones
1081 911 1228 954 dispersis
1241 911 1371 947 infusus,
1388 910 1464 953 quin
1476 909 1571 941 etiam

356 965 494 1005 Angelos
507 965 601 1006 ipsos,
615 965 728 1007 quibus
739 967 874 1008 aequales
891 976 947 998 nos
964 966 1080 1003 reddit,
1097 965 1284 998 sanctificet.
1300 965 1422 997 Eodem
1436 963 1572 995 Mariam

359 1019 511 1060 repletam
527 1029 591 1050 esse
602 1041 612 1056 ,
630 1030 753 1050 necnon
768 1020 863 1051 etiam
881 1020 1039 1052 Christum
1059 1020 1234 1051 Dominum
1246 1042 1256 1058 ‚
1275 1024 1369 1061 atque
1385 1019 1463 1050 adeo
1478 1029 1571 1060 supe-

353 1073 438 1104 riora
455 1077 485 1104 et
500 1073 651 1105 inferiora
668 1074 774 1106 omnia
793 1086 800 1104 :
815 1074 854 1105 de
867 1076 957 1116 cujus
969 1077 1154 1116 operatione
1164 1099 1172 1111 ,
1185 1084 1256 1117 quae
1269 1085 1328 1116 per
1343 1073 1472 1116 piscinae
1485 1083 1570 1104 com-

352 1128 527 1160 motionem
545 1130 779 1171 designabatur,
797 1136 904 1163 ortum
916 1131 1002 1164 ducit
1019 1132 1120 1163 omnis
1136 1131 1331 1163 benedictio.

314 1181 422 1213 Cur-r
446 1182 546 1215 VIII.
573 1185 600 1216 A
618 1185 688 1216 Deo
705 1185 772 1217 solo
788 1185 855 1217 dari
872 1185 1051 1227 Spiritum;
1069 1196 1172 1229 neque
1188 1193 1292 1219 tamen
1308 1190 1411 1217 totum
1431 1181 1572 1225 singulis,

352 1246 423 1267 cum
442 1243 558 1278 praeter
570 1237 734 1270 Christum
751 1250 844 1271 nemo
858 1239 952 1272 suerit
969 1241 1023 1282 qui
1041 1246 1143 1272 totum
1160 1251 1231 1271 eum
1247 1250 1360 1282 capere
1376 1245 1488 1281 posset.
1510 1239 1571 1271 Per

352 1291 509 1333 Spiritum
524 1294 644 1326 effundi
657 1295 864 1334 charitatem,
882 1306 953 1338 quae
969 1306 1025 1338 per
1037 1296 1204 1339 mysticum
1214 1300 1408 1337 unguentum
1425 1293 1570 1336 figurata,

355 1345 436 1377 nibil
452 1357 618 1379 commune
635 1359 708 1380 cum
725 1350 1009 1382 creaturisbabere
1024 1350 1202 1382 ostenditur
1227 1361 1234 1380 ε
1254 1349 1355 1391 ipsum
1379 1353 1483 1380 autem
1502 1357 1573 1379 cum

355 1410 393 1431 ex
408 1411 464 1432 ore
480 1402 539 1433 Dei
555 1402 679 1434 dicatur
692 1404 882 1446 procedere,
892 1405 976 1438 inter
989 1409 1094 1437 creata
1108 1415 1173 1436 non
1189 1403 1406 1446 reponendum
1420 1414 1428 1441 3
1447 1412 1506 1434 nec
1518 1402 1572 1433 in-

310 1453 324 1470 l'
355 1458 404 1485 ter
421 1454 609 1495 divisibilia,
634 1468 705 1489 cum
719 1459 918 1491 sitaeternus.

315 1505 423 1538 CArvr
438 1508 499 1539 IX.
528 1509 683 1550 Spiritum
699 1517 841 1544 sanctum
858 1518 942 1545 recte
959 1513 1020 1545 dici
1041 1519 1239 1555 unguentum
1253 1512 1397 1549 Christi,
1414 1517 1446 1544 et
1465 1511 1572 1543 oleum

352 1562 482 1599 laetitiae.
493 1569 528 1595 et
540 1575 617 1606 quas
628 1565 670 1597 ob
683 1568 810 1598 causas?
825 1567 988 1601 Christum
1003 1567 1104 1609 ipsum
1118 1578 1182 1599 non
1197 1578 1264 1599 esse
1278 1571 1488 1609 unguentum,
1503 1576 1575 1598 cum

354 1621 467 1648 unctus
482 1618 522 1649 sit
535 1618 660 1660 Spiritu
676 1625 806 1653 sancto:
822 1621 939 1656 mirum
955 1628 1060 1653 autem
1075 1622 1107 1653 id
1119 1633 1182 1654 non
1200 1621 1322 1661 videri,
1338 1621 1361 1652 si
1378 1625 1576 1663 unguentum

354 1676 486 1703 vocetur
501 1678 533 1705 et
549 1672 687 1715 Spiritus
701 1696 710 1713 ‚
727 1685 798 1706 cum
816 1675 912 1707 Pater
927 1687 962 1708 ac
975 1676 1072 1708 Filius
1087 1677 1183 1709 etiam
1201 1676 1339 1718 Spiritus
1352 1675 1567 1716 appellentur.

356 1723 423 1756 Nec
440 1725 534 1757 ullam
553 1732 656 1758 tamen
674 1728 705 1759 in
722 1728 796 1770 ipsis
812 1730 1027 1762 confusionem
1044 1741 1134 1768 esse,
1164 1741 1236 1762 cum
1261 1730 1343 1761 solus
1366 1728 1515 1760 Christus
1543 1727 1575 1758 in

356 1788 489 1820 corpore
503 1781 675 1822 oppetierit
686 1788 822 1814 mortem
835 1805 844 1820 ‚
861 1785 949 1825 cujus
962 1783 1122 1816 salutifera
1136 1794 1213 1815 crux
1229 1784 1430 1825 praedicatur.

312 1832 421 1864 CArnr
435 1834 477 1866 X.
501 1835 598 1874 Quod
612 1836 750 1877 Spiritus
767 1843 893 1880 peccata
909 1838 1089 1874 condonat,
1107 1838 1166 1870 boc
1181 1838 1225 1870 illi
1240 1848 1310 1869 cum
1324 1838 1420 1870 Patre
1432 1847 1467 1868 ac
1483 1836 1576 1871 Filio,

355 1896 418 1916 non
433 1892 538 1918 autem
551 1898 622 1920 cnm
638 1890 766 1930 Angelis
781 1901 846 1922 esse
859 1902 1041 1924 commune.

309 1936 417 1969 Cum-
435 1939 501 1970 Xl.
531 1940 691 1982 Spiritum
710 1943 749 1974 ad
768 1939 878 1976 omnes
891 1945 995 1981 mitti,
1018 1955 1077 1976 nec
1097 1945 1236 1977 transire
1253 1956 1291 1977 ex
1308 1945 1379 1976 loco
1394 1944 1427 1975 in
1454 1943 1572 1978 alium:

356 2002 426 2022 cum
445 2003 502 2024 nee
518 1993 599 2031 loco,
613 2005 672 2026 nec
687 2001 832 2039 tempore
846 1999 1065 2031 concludatur.
1080 1999 1133 2031 Sic
1150 1999 1246 2041 igitur
1258 2009 1330 2031 eum
1346 1998 1434 2029 exire
1451 2007 1468 2029 a
1481 1997 1576 2035 Filio,

356 2051 390 2077 ut
404 2045 469 2087 ipse
492 2047 590 2079 Filius
604 2060 621 2079 a
641 2049 736 2081 Patre
749 2072 758 2087 ‚
778 2053 808 2082 in
825 2062 888 2094 quo
903 2062 1028 2095 semper
1049 2059 1157 2085 manet
1184 2065 1191 2084 :
1217 2053 1273 2084 sed
1299 2052 1447 2084 eumdem
1468 2051 1578 2082 venire

356 2099 449 2132 nobis
465 2112 536 2132 cum
556 2102 657 2145 ipsum
679 2104 862 2147 recipimus.
894 2107 1013 2138 Eodem
1031 2107 1127 2140 etiam
1149 2107 1243 2139 modo
1270 2107 1380 2138 venire
1396 2117 1461 2149 quo
1483 2105 1578 2138 Pater

356 2154 422 2195 ipse
434 2178 443 2193 ,
463 2166 480 2186 a
501 2167 566 2198 quo
581 2158 720 2199 separari
740 2170 940 2202 nequaquam
958 2167 1074 2203 potest.

311 2208 418 2240 CArur
442 2210 527 2242 XII.
556 2211 658 2244 Patris
678 2218 708 2244 et
727 2213 787 2246 Fili
806 2220 836 2246 et
856 2214 995 2257 Spiritus
1011 2216 1109 2248 sancti
1129 2226 1226 2248 unam
1246 2226 1311 2248 csse
1331 2225 1446 2258 ‘pacem
1478 2220 1575 2258 atque

356 2263 491 2303 gratiam
506 2276 513 2295 :
531 2266 676 2298 similiter
692 2277 787 2299 unam
808 2269 997 2302 charitatem
1010 2294 1017 2306 ,
1043 2281 1114 2312 quae
1128 2271 1263 2302 maxime
1284 2272 1316 2303 in
1333 2271 1498 2303 hominum
1522 2280 1578 2302 re-

357 2316 541 2358 demptione
555 2319 705 2361 apparuit
723 2333 730 2351 :
747 2332 841 2353 unam
856 2322 995 2365 denique
1010 2324 1107 2356 trium
1121 2323 1457 2356 communicationem.

315 2369 423 2400 CAPUT
443 2371 546 2403 XIII.
565 2373 754 2406 Divinarum
778 2376 874 2407 trium
891 2387 1100 2418 personarum
1113 2389 1211 2409 unum
1228 2388 1294 2410 esse
1308 2388 1423 2410 nomen
1441 2388 1458 2409 e
1474 2376 1579 2418 Scrip-

357 2425 437 2456 tnris
455 2424 652 2461 demonstrat
673 2428 860 2462 Ambrosius
876 2442 883 2462 :
902 2437 934 2464 at
951 2432 1106 2475 imprimis
1123 2432 1278 2465 unitatem
1298 2432 1437 2465 nominis
1452 2432 1523 2464 Filii
1541 2442 1577 2464 ac

360 2477 497 2519 Spiritus
513 2481 631 2518 sancti3
648 2492 720 2514 cum
735 2488 871 2527 uterque
883 2485 1066 2518 *Paracletus
1082 2485 1206 2519 dicatur
1217 2493 1250 2518 et
1268 2487 1403 2519 Veritas.

316 2531 425 2562 citur
448 2533 544 2565 XIV:
573 2534 719 2577 Singulas
743 2537 913 2571 Trinitatis
942 2550 1094 2582 personas
1119 2550 1136 2572 e
1159 2540 1254 2572 sacris
1277 2539 1449 2572 Codicibus
1474 2539 1578 2572 lucem

1593 704 1653 737 290

1592 803 1651 844 295

1596 1137 1656 1169 297

1596 1454 1654 1487 30:

1600 1781 1660 1812 505

1601 1890 1662 1931 309

1601 2160 1663 2191 510

1601 2322 1662 2352 315

1598 2485 1660 2518 316

360 2596 442 2622 essm
460 2587 616 2630 Spiritum
627 2595 733 2622 autem
748 2591 843 2623 etiam
861 2592 965 2634 ignem
978 2592 1145 2636 significari
1160 2594 1243 2637 apud
1259 2594 1393 2632 Isaiam,
1408 2593 1494 2636 cujus
1507 2593 1577 2637 qui·
1617 2633 1619 2636 v

1767 2188 1768 2201 e„
1765 2116 1768 2140 ,μ
1756 1160 1768 2109 -Ᾰῌψ--ῇ--ῄ-ᾷ-ᾴ-
