1806 3256
389 258 468 300 186
925 274 955 301 s.
998 272 1190 303 Amnaosu

379 352 479 393 »dat
514 351 823 393 incrementum
858 351 1099 400 Deus¹;»in
1133 367 1183 393 eo
1213 351 1385 393 nomine
1416 366 1486 392 vos
1523 367 1731 394 summam

382 414 565 477 paternae
597 420 825 476 majestatis
850 422 1066 470 locabitis,
1097 424 1208 477 quod
1241 422 1389 464 videtis
1425 420 1652 463 infirmum.
1690 422 1732 464 Si

382 491 493 532 enim
516 492 586 547 qui
611 492 785 547 plantat,
807 498 846 532 et
868 493 937 547 qui
958 493 1077 548 rigat,
1101 492 1202 534 nihil
1218 501 1293 539 est,
1320 494 1394 534 sed
1416 493 1485 548 qui
1506 494 1576 535 dat
1595 494 1734 535 incre-

384 568 574 601 mentum
589 561 723 608 Deus;
745 561 880 601 videte
900 562 1146 616 quidvestra
1166 578 1349 603 asserere
1372 564 1569 604 moliatur
1591 563 1734 619 impie-

384 639 467 677 tas,
498 638 543 670 ut
574 638 615 670 et
647 630 768 671 Pater
802 631 970 672 nomine
1000 632 1050 672 sit
1089 633 1422 673 contemnendus
1449 633 1662 689 agricolae3
1694 641 1736 674 et

382 699 494 741 Deus
519 700 666 755 aliquis
696 700 1003 741 incrementum
1028 710 1200 758 paterno
1225 703 1338 759 operi
1364 703 1433 758 qui
1458 703 1638 750 tribuat,
1669 718 1737 743 re-

385 769 626 825 quirendus
658 770 788 827 Impie
812 771 939 826 igitur
961 787 1011 812 ex
1030 772 1198 813 nomine
1220 773 1409 828 agricolae
1436 773 1735 828 praeferendam

384 839 459 881 Dei
476 839 608 881 Patris
628 840 865 881 existimant
888 849 1137 897 potestatem
1162 842 1200 882 in
1225 857 1308 897 quo
1330 842 1379 882 sit
1398 842 1509 883 Patri
1536 843 1622 883 Deo
1641 855 1737 883 cum

384 909 555 950 homine
590 910 881 966 appellationis
913 926 1139 952 commune
1163 912 1436 953 consortium.

442 979 624 1022 CLXIV.
664 981 777 1031 Quid
810 990 947 1022 antem
976 983 1215 1038 egregium,
1249 983 1279 1022 si
1308 983 1344 1023 ei
1373 982 1584 1037 (ntvultis
1608 982 1737 1023 haere-

383 1049 476 1104 tici)
506 1051 611 1090 Filio
629 1051 894 1106 praeferatur,
921 1051 1041 1104 cujus
1061 1052 1450 1101 divina-substantia
1476 1053 1524 1092 ab
1547 1052 1733 1092 humana

387 1121 628 1163 conditione
647 1137 729 1162 non
750 1121 988 1179 discrepet?
1007 1122 1108 1163 Nam
1128 1123 1159 1163 si
1186 1123 1310 1163 vitem
1330 1123 1483 1164 Filium
1506 1124 1740 1164 secundum

389 1191 569 1232 divinam
596 1192 869 1232 substantiam
901 1194 1153 1249 appellatum
1171 1193 1353 1249 putatis,
1382 1207 1464 1232 non
1491 1192 1626 1233 solum
1647 1207 1742 1232 cor·

387 1265 584 1318 ruptelae,
623 1263 876 1319 incertisque
905 1266 1212 1304 elementorum
1248 1263 1478 1304 obnoxium
1517 1263 1740 1318 judicatis,

386 1333 457 1373 sed
482 1333 607 1374 etiam
632 1333 825 1374 hnmnnie
853 1335 1145 1374 tantummodo
1176 1341 1413 1374 consortem
1439 1341 1622 1379 naturae;
1647 1332 1743 1388 quia

385 1403 509 1443 unius
537 1411 694 1444 naturze
717 1411 813 1443 sunt
838 1403 925 1444 vitis
951 1412 991 1443 et
1017 1403 1208 1458 palmites
1237 1418 1245 1441 t
1272 1412 1317 1444 ut
1343 1418 1425 1443 non
1460 1417 1533 1458 per
1555 1402 1743 1443 incarna-

387 1472 509 1514 tionis
533 1481 846 1513 sacramentum
873 1488 1042 1513 carnem
1062 1473 1136 1513 Dei
1163 1474 1291 1514 Filius
1317 1472 1588 1529 assumpsisse
1612 1471 1746 1512 videa-

392 1550 481 1590 tur,
507 1543 580 1583 sed
609 1543 861 1599 principium
886 1543 1110 1599 sumpsisse
1139 1545 1189 1584 de
1214 1558 1351 1584 carne.

451 1613 612 1654 CLXV.
652 1613 738 1669 Ego
779 1621 917 1654 autem
956 1614 1092 1655 dicam
1130 1615 1254 1670 plane
1292 1628 1463 1655 carnem
1498 1611 1613 1668 ejus,
1648 1612 1747 1653 licet

388 1698 496 1725 novo
533 1684 813 1740 generationis
845 1685 1068 1740 mysterio,
1109 1685 1231 1725 unius
1261 1693 1401 1725 tamen
1425 1691 1585 1724 natura:
1617 1681 1747 1723 fuisse

397 1754 615 1795 nobiscum
633 1786 642 1801 ,
675 1762 716 1795 et
741 1754 820 1795 hoe
848 1755 990 1795 salutis
1016 1763 1167 1796 nostru:
1191 1762 1500 1796 sacramentum
1524 1767 1636 1800 esse,
1664 1759 1747 1793 non

391 1822 539 1865 divinae
566 1824 845 1879 generationis
875 1824 1108 1865 exordium.
1139 1823 1240 1866 Vitis
1263 1823 1374 1864 enim
1404 1831 1490 1870 est,
1522 1821 1616 1878 quia
1635 1835 1747 1862 meas

392 1893 568 1935 sustinet
587 1893 821 1950 passiones3
843 1894 1186 1950 quandoquidem
1206 1894 1246 1935 in
1266 1894 1335 1935 illo
1354 1893 1446 1934 nixa
1467 1892 1620 1948 fragilis
1635 1892 1748 1948 prius

393 1964 577 2006 humana
602 1965 787 2007 conditio
805 1965 1011 2007 foecundis
1031 1965 1223 2007 redivivae
1241 1964 1447 2006 fructibus
1470 1963 1633 2020 pietatis
1651 1964 1748 2004 ado·

390 2034 504 2076 levit.

451 2103 636 2145 CLXVI.
680 2104 980 2146 Verumtamen
1011 2106 1043 2147 si
1074 2114 1114 2147 te
1148 2121 1298 2162 pompa
1322 2105 1502 2147 delectat
1526 2103 1745 2160 agricolae3

392 2173 529 2224 dicas,
565 2172 688 2214 velim
705 2205 715 2220 ‚
746 2174 838 2229 quis
869 2174 938 2215 ille
963 2175 1037 2223 sit,
1063 2175 1133 2231 qui
1157 2177 1323 2216 locutus
1347 2182 1409 2215 est
1436 2174 1477 2214 in
1498 2173 1709 2229 Propheta
1737 2187 1746 2211 :

402 2243 635 2290 «Domine,
668 2252 814 2284 notum
846 2245 949 2285 mihi
978 2245 1066 2296 fac,
1098 2254 1143 2286 ut
1171 2246 1298 2286 sciam
1326 2260 1335 2286 :
1363 2253 1462 2286 tunc
1485 2243 1566 2286 vidi
1589 2243 1747 2300 cogita·

391 2314 555 2355 »tiones
577 2329 739 2356 eorum.
763 2315 850 2370 Ego
875 2323 920 2356 ut
940 2330 1069 2372 agnus
1095 2317 1246 2358 ductus
1269 2331 1360 2357 sum
1383 2316 1584 2357 innocens
1609 2316 1659 2355 ad
1679 2315 1751 2355 im-

394 2402 410 2423 »
423 2385 695 2431 molandum,
740 2394 781 2426 et
809 2386 1048 2428 nesciebam
1079 2401 1088 2427 :
1118 2388 1338 2428 adversum
1371 2402 1438 2427 me
1461 2386 1749 2443 cogitaverunt

394 2454 673 2502 »consilium,
706 2454 894 2497 dicentes
918 2470 928 2496 τ
959 2456 1132 2505 Venite,
1166 2456 1406 2512 injiciamus
1428 2456 1588 2513 lignum
1616 2454 1657 2496 in
1681 2469 1749 2510 pa-

391 2539 517 2567 nnem
536 2524 668 2581 ejus².
686 2525 758 2568 »Si
782 2526 895 2568 enim
917 2525 1046 2570 Filius
1071 2527 1369 2579 incarnationis
1386 2527 1540 2573 ¹suturae
1558 2525 1748 2582 loquitur

439 2624 449 2640 ¹
474 2627 484 2646 1
505 2617 585 2650 Cor.
604 2626 700 2658 111‚7.
719 2635 756 2642 ν-
777 2625 789 2640 ⁸
807 2619 929 2652 Jereln.
947 2629 993 2659 xi,
1018 2630 1063 2660 ¹9-
