1768 3283
674 322 813 361 tubex.
1336 322 1414 363 511

111 411 167 439 lies
184 396 330 446 invitans,
347 416 409 450 quo
426 408 558 439 consilio
573 408 596 439 is
609 419 734 440 carnem
752 407 901 441 induerit.
918 412 948 439 et
967 417 1026 450 qua
1046 407 1195 442 utilitate.
1215 410 1324 442 tratlit.

112 461 198 491 Hinc
214 461 315 502 aperit
332 466 486 502 quantum
505 461 603 502 prosit
619 460 712 491 tidem
728 460 849 491 habere
863 470 924 502 qua
943 460 1106 491 Christum
1120 467 1252 502 propter
1273 474 1330 495 uos

108 525 235 545 omnem
259 514 474 546 infirmitatem
490 515 660 557 suscepisse
674 515 904 555 cognoscimus,
928 515 1017 555 cujus
1041 514 1198 546 Divinitas
1214 516 1245 546 in
1264 528 1332 559 pas-

109 578 196 598 sione
223 567 418 608 erumpebat.
448 567 494 598 Ex
512 568 627 610 quibus
644 567 821 608 intelligere
843 571 893 599 est
910 566 969 599 Dei
989 567 1104 598 Filium
1119 567 1185 599 sine
1207 569 1333 610 subjec-

109 622 196 653 tione
222 621 282 652 ulla
313 621 438 652 missum
462 620 554 652 fuisse.
571 632 579 652 :
598 631 657 652 nec
678 620 882 653 metuendum
910 632 950 652 ne
978 619 1054 652 fides
1083 621 1150 653 haec
1167 621 1331 665 displiceat

107 675 191 707 Patri
210 687 217 712 ;
237 676 354 718 quippe
372 677 426 718 qui
443 676 472 706 in
489 676 571 707 Filio
588 675 646 706 sibi
659 677 856 718 complacere
868 674 1037 717 significet.

64 730 172 761 cunr
198 729 283 761 xtt.
307 729 472 760 Christum
498 730 528 760 in
548 740 684 771 persona
703 730 818 771 judicis
846 729 1081 760 consideratum
1108 730 1264 762 Catholici
1294 743 1333 763 an

109 783 234 815 Arriani
259 784 369 814 melius
389 783 448 815 sihi
474 783 659 820 concilient,
683 783 869 825 inquiritur.
897 782 1045 824 Objectio
1071 790 1202 826 piopter
1222 785 1337 826 judicis

105 838 273 869 sessionem
296 848 331 868 ac
353 838 454 868 l'atris
473 848 562 869 voces
577 843 685 868 exorta
711 837 892 868 dissolvitur
907 848 915 871 ;
933 838 1236 880 demonstraturque
1253 840 1325 870 nul-

104 893 166 923 lam
181 892 209 922 in
230 892 310 922 Filio
331 903 385 922 nec
402 891 633 932 subjectionem
647 890 834 931 significari,
849 890 934 932 quod
952 890 1059 922 sedeat
1075 901 1092 922 a
1111 891 1204 923 Patre
1220 893 1331 924 invita-

104 954 152 977 tus
175 957 182 977 :
207 957 264 977 nec
289 945 520 987 prtelationem.
547 945 632 987 quod
655 945 694 976 ad
726 946 795 987 ejus·
824 945 968 976 dextram
984 945 1101 976 sedeat.
1126 945 1274 988 Denique
1292 958 1330 978 ex

105 1000 257 1040 Angelico
274 999 420 1040 Trisagio
438 1009 645 1041 personarum
663 998 694 1029 in
711 999 779 1030 Deo
792 998 998 1034 Trinitatem,
1016 1009 1053 1030 ac
1067 999 1160 1030 simul
1177 1000 1332 1031 unitatem

106 1061 226 1086 naturae
238 1052 406 1093 significari
431 1053 625 1085 declaratur.

61 1109 170 1140 Cneor
190 1109 256 1140 ΧΗ
268 1108 293 1139 1.
311 1108 507 1139 Continuata
522 1107 632 1150 judicii
648 1106 806 1138 Dominici
822 1106 984 1148 allegoria,
1000 1107 1200 1150 blasphemas
1222 1109 1330 1141 Arria-

105 1174 231 1203 norum,
251 1164 503 1194 sabellianorum
519 1184 530 1199 ,
554 1168 587 1194 et
613 1162 863 1194 Manichaeorum
891 1163 930 1194 de
944 1173 1001 1194 suo
1031 1163 1137 1204 judice
1164 1164 1332 1206 opiniones

105 1217 291 1249 Ambrosius
315 1216 422 1258 paucis
446 1215 575 1249 refellit.
595 1215 720 1248 Deinde
747 1216 917 1259 propositis
931 1216 1053 1249 Christi
1072 1218 1110 1248 de
1129 1218 1251 1249 caeteris
1267 1217 1330 1249 suis

103 1270 290 1301 alvei-sarus
305 1269 629 1311 expostulationibus,
645 1269 798 1312 judicium
821 1269 880 1301 sibi
909 1270 1015 1302 mitius
1040 1269 1180 1302 futurum
1206 1275 1326 1312 sperat.

59 1325 168 1355 estur
193 1323 288 1355 XIV.
317 1323 439 1355 Judicis
461 1324 594 1365 exponit
610 1323 820 1358 senteutiam:
847 1323 1056 1366 discussisque
1073 1323 1328 1356 adversariorum

100 1377 232 1416 cavillis,
250 1377 290 1408 ab
307 1387 342 1408 ca
358 1377 619 1419 provocationem
633 1388 697 1410 non
715 1377 782 1409 dari
802 1378 931 1420 planum
944 1377 1033 1409 facit.

59 1431 174 1463 Cnur
190 1431 265 1463 XV.
292 1431 439 1462 Modeste
455 1430 554 1463 sentit
568 1431 607 1463 de
627 1442 724 1474 opere
738 1442 816 1463 suo:
840 1432 916 1464 dicit
943 1437 1050 1464 tamen
1068 1431 1108 1463 ad
1124 1431 1221 1464 fidem
1249 1432 1326 1464 illud

101 1484 341 1522 suffic-eremum
359 1485 474 1516 ‹livinae
490 1485 684 1526 generationi
703 1490 750 1518 tot
766 1485 855 1523 locis,
873 1484 1037 1528 Scriptura
1054 1486 1244 1528 suffragetur
1275 1487 1325 1518 cui

101 1541 330 1573 obsurdescunt
347 1539 488 1572 Arriani.
507 1540 634 1571 Horum
649 1540 856 1582 pervicaciam
870 1539 997 1581 judaice
1011 1541 1104 1582 plane
1119 1540 1253 1572 similem
1269 1552 1324 1584 pa-

103 1595 264 1633 terat-tens,
294 1605 343 1635 ap:
359 1599 485 1626 recator
513 1593 573 1625 illis
592 1594 737 1625 veritatis
761 1605 912 1626 amorem.
936 1595 1103 1627 Postremo
1126 1595 1325 1628 deserendos

103 1659 166 1686 eos,
183 1655 294 1690 utpote.
312 1649 475 1681 liaereticos
492 1653 523 1679 et
541 1648 766 1684 Antichristm,
782 1648 886 1680 docet.

57 1703 168 1734 Ciror
185 1704 242 1735 XV
253 1705 278 1735 1.
293 1703 449 1735 Gratiano
465 1703 630 1735 victoriam
646 1704 892 1746 spondens,eam
908 1702 947 1734 ab
958 1703 1125 1735 Ezechiele
1135 1705 1320 1746 praedictam

101 1763 220 1790 narrat.
239 1758 286 1789 Ex
307 1758 425 1800 pietate
444 1757 652 1799 Imperatoris
671 1758 752 1789 lianc
764 1768 851 1800 spem
869 1757 1049 1797 confirmat,
1065 1759 1242 1801 superiores
1257 1760 1320 1792 cla-

102 1813 156 1844 des
172 1812 280 1844 liaercsi
306 1812 519 1844 Orientalium
542 1818 684 1854 acceptas
700 1811 815 1844 serens.
836 1813 940 1843 Deum
958 1811 1085 1843 tandem
1109 1812 1268 1852 obsecrat,
1293 1818 1327 1845 ut

101 1866 163 1907 jam
188 1866 344 1908 placatus,
364 1864 446 1897 fideli
462 1865 627 1904 exercitui,
644 1865 779 1907 regioni,
795 1876 829 1897 ac
844 1865 914 1897 duci
931 1864 1012 1896 ferat
1025 1865 1190 1897 auxilium.

58 1919 233 1952 Lmanlll.
244 1920 350 1961 Caput
360 1918 454 1951 I.Ubi
467 1918 813 1961 praeinisitAuibrosius
826 1919 1180 1961 quamobremstrictius
1192 1924 1323 1951 tractata

103 1973 134 2004 in
161 1972 320 2015 prioribus
341 1972 444 2010 libris,
462 1973 495 2004 in
515 1972 563 2004 his
577 1973 705 2005 uberius
722 1974 883 2005 tractanda
902 1972 1070 2015 suscipiat;
1086 1973 1244 2016 objectum
1257 1975 1316 2006 sibi

102 2027 279 2058 fabularum
291 2037 380 2058 usum
391 2026 536 2069 exemplo
549 2026 722 2069 Scripturae
732 2027 824 2060 diluit
837 2037 908 2059 cum
921 2026 980 2058 alia
994 2027 1135 2069 poetica}
1145 2038 1326 2060 memoran-

101 2081 152 2119 tis,
175 2087 242 2114 tum
264 2081 400 2113 maxime
417 2081 558 2119 Sirenas,
585 2091 656 2124 quae
672 2080 780 2124 figurae
795 2087 868 2114 sunt
884 2081 1105 2124 voluptatum:
1126 2092 1142 2113 a
1160 2081 1278 2124 quibus
1293 2087 1325 2115 et

101 2135 192 2168 Pauli
209 2135 305 2167 verba
319 2141 351 2167 et
366 2135 486 2168 Christi
500 2134 582 2168 sacta
598 2142 727 2179 oportet
750 2141 884 2168 avocent
897 2135 1106 2168 Christianos.

57 2191 167 2222 cunr
192 2190 240 2222 Π.
259 2190 340 2230 Quae
354 2190 496 2233 corporis
509 2195 583 2223 sunt
596 2191 757 2223 aChristo
786 2201 844 2233 pro
862 2189 955 2221 nobis
983 2190 1132 2232 suscepti.
1152 2189 1322 2223 Divinitati

1375 679 1417 721 78

1375 1055 1414 1086 82

1373 1271 1413 1302 85

1368 1378 1410 1409 88

1358 1877 1396 1908 91

101 2255 165 2277 non
192 2243 362 2276 tribuenda
379 2255 386 2275 τ
402 2244 574 2276 secundum
597 2244 678 2276 lianc
691 2245 781 2277 illum
799 2243 1005 2281 altissimum3
1033 2243 1118 2285 quo]
1138 2243 1192 2286 qui
1219 2249 1324 2286 neget,
1360 2246 1368 2285 ζ

100 2310 172 2332 eum
189 2298 276 2332 Patri
289 2298 445 2331 ascribere
468 2298 732 2332 incarnationem.
753 2300 835 2331 Cum
852 2299 939 2330 Deus
952 2297 1067 2338 legitur
1078 2297 1160 2329 solus
1175 2308 1253 2336 csse,
1271 2304 1325 2330 aut

100 2355 183 2386 solus
208 2354 325 2386 habere
352 2354 643 2399 immortalitatem,
665 2353 699 2385 id
723 2354 819 2385 etiam
845 2353 1085 2394 intelligendum
1109 2352 1148 2384 de
1172 2352 1324 2390 Christo,

102 2415 169 2441 tum
192 2415 226 2441 ut
247 2415 420 2441 memorata
440 2408 584 2450 impietas
599 2407 789 2447 declinetur,
812 2413 879 2440 tum
893 2408 966 2450 quia
983 2406 1092 2439 eadem
1110 2406 1197 2445 Filii,
1221 2417 1255 2439 ac
1271 2408 1323 2439 Pa·

104 2462 160 2495 tris
174 2463 321 2495 asseritur
338 2462 495 2505 operatio.

58 2516 166 2549 Cnor
185 2517 250 2548 Ill.
275 2516 393 2548 Filium
417 2528 433 2549 a
452 2518 545 2549 Patre
566 2528 630 2549 nou
660 2516 871 2560 separandum
893 2527 929 2548 ex
948 2516 1100 2558 Apostolo
1126 2515 1322 2554 confirmari,

101 2581 173 2602 cum
191 2571 272 2602 Filio
291 2582 417 2614 quoque
442 2572 608 2604 conveniat
624 2572 754 2604 beatum
782 2582 868 2610 esse,
885 2571 986 2603 solum
1003 2576 1179 2612 potentem,
1203 2580 1240 2602 ac
1262 2570 1324 2602 im-

59 2648 66 2669 2
103 2625 286 2662 mortalem,
319 2631 432 2658 natura
465 2626 636 2664 videlicet,
660 2637 725 2658 non
764 2626 863 2668 gratia
893 2636 955 2666 qua
980 2625 1038 2668 ipsi
1069 2625 1165 2657 etiam
1205 2625 1318 2667 Angeli
