1768 3283
349 283 430 323 302
904 296 934 322 ι.
974 295 1164 323 ΛΜΒιωειι

344 395 359 412 »
375 371 662 428 suscepiteum
674 369 811 411 anima
822 384 928 416 inea,
946 368 1251 426 dediSpiritutn
1264 386 1404 412 meum
1420 371 1460 413 in
1473 373 1644 429 ipsum'.
1664 395 1677 413 n

344 445 549 488 Dominus
586 455 751 498 quoque
786 454 859 495 per
893 438 1054 478 lisoium
1086 440 1188 480 dixit
1219 454 1228 480 ε
1269 440 1486 498 «Spiritus
1521 444 1687 486 Domini

346 514 498 574 >isuper
526 529 590 555 nie
607 546 615 560 ,
639 520 809 567 propter
832 510 943 564 quod
970 510 1087 549 unxit
1105 510 1214 551 [110².
1240 528 1255 549 n

405 583 635 630 LXXXVI.
675 580 778 630 Quis
813 594 911 634 ergo
943 580 1094 620 audeat
1129 580 1269 621 dicere
1301 591 1484 623 creatam
1511 582 1689 639 Spiritus

346 658 479 702 sancti
511 669 600 696 esse
633 650 936 695 substantiam,
977 649 1172 703 quicum
1203 650 1384 692 illuxerit
1417 652 1457 691 in
1494 654 1690 696 cordibus

347 726 528 772 nostris,
567 722 716 763 divinae
754 719 966 759 cernimus
1002 718 1364 774 pulchritudinem
1402 721 1612 770 veritatis,
1651 732 1691 764 et

347 795 583 840 distantiam
617 798 820 832 creaturae
837 787 1162 844 Divinitatisque
1182 789 1494 845 cognoscimus,
1520 799 1564 832 ut
1587 807 1691 848 opus

346 872 587 924 segregetur
605 861 655 902 ab
685 858 889 900 auctore?
910 857 994 899 Aut
1018 860 1069 898 de
1093 874 1170 914 qua
1198 867 1390 899 creatura
1411 860 1521 901 Deus
1545 861 1600 902 ita
1628 863 1692 903 lo-
1734 859 1738 862 ’

349 946 470 980 cutus
488 942 572 981 est,
597 929 710 988 quod
730 937 801 970 aut
820 928 1135 970 nominationes
1160 938 1232 969 aut
1253 929 1484 970 Potestates
1505 929 1693 972 effundat

347 1016 419 1049 aut
439 1001 650 1061 Angelos?
672 1001 757 1043 Sed
779 1018 793 1036 α
813 1000 872 1040 De
889 999 1046 1055 Spiritu
1060 1031 1070 1047 ‚
1091 999 1250 1054 iuquit,
1270 1015 1363 1040 meo
1387 1000 1601 1041 effundam
1615 999 1643 1042 ³.
1668 1019 1682 1039 n

348 1079 440 1121 Non
472 1074 673 1131 Spiritum
717 1071 795 1118 ait,
833 1070 905 1110 sed
927 1088 942 1106 a
961 1069 1021 1109 De
1056 1069 1238 1125 Spiritu3
1263 1088 1278 1108 n
1305 1085 1442 1126 neque,
1469 1071 1580 1111 enim
1619 1087 1693 1112 „05

347 1160 497 1203 capere
524 1156 743 1200 possumus
776 1139 1083 1196 plenitudinem
1118 1138 1298 1195 Spiritus
1321 1140 1479 1188 sancti,
1504 1142 1577 1181 sed
1601 1150 1695 1182 tan·

351 1225 436 1258 tun]
465 1213 719 1270 accipimus,
745 1217 948 1266 quantuni
981 1209 1031 1248 de
1062 1223 1137 1248 suo
1166 1208 1323 1249 arbiter
1355 1210 1485 1250 nostri
1515 1224 1592 1266 pro
1622 1226 1694 1252 sua

348 1289 562 1330 voluntate
585 1282 781 1325 diviserit.
808 1280 927 1322 Sicut
957 1281 1069 1321 enim
1100 1280 1176 1321 Dei
1203 1280 1333 1321 Filius
1355 1299 1369 1317 n
1386 1281 1478 1321 lNon
1508 1281 1695 1336 rapinam

347 1377 363 1398 υ
377 1357 600 1399 arbitratus
617 1361 680 1394 est
698 1366 788 1393 esse
809 1365 852 1392 se
873 1352 1075 1405 aequaleui
1094 1350 1181 1390 lleo
1197 1380 1208 1397 ,
1232 1350 1305 1390 sed
1318 1350 1592 1407 semetipsum
1615 1351 1698 1391 exi-

345 1426 579 1473 »nanivitffi
600 1443 614 1464 »
646 1432 692 1464 ut
739 1436 814 1463 nos
843 1435 940 1462 eun}
976 1421 1128 1461 nostris
1155 1420 1302 1461 animis
1346 1421 1563 1477 percipere
1594 1436 1694 1478 pos·-

346 1512 486 1540 semus
510 1511 518 1537 ε
539 1492 764 1537 exinanivit
782 1500 921 1533 autem
945 1506 1029 1532 non
1055 1492 1167 1547 quod
1195 1491 1282 1547 ipse
1304 1500 1413 1532 esset
1432 1506 1588 1533 vacuus
1611 1506 1696 1532 suae

346 1566 640 1626 plenitudinis;
673 1565 746 1605 sed
777 1577 860 1619 quo
890 1562 993 1602 mihi
1020 1562 1090 1617 qui
1115 1562 1418 1617 plenitudinem
1449 1560 1540 1618 ejus
1568 1563 1693 1603 susti-

345 1653 444 1681 nere
465 1652 549 1679 non
579 1649 742 1692 possem
759 1665 770 1682 ,
794 1647 870 1690 pro
892 1647 942 1673 eo
970 1633 1084 1688 quod
1107 1646 1256 1689 capere
1277 1647 1468 1688 possem,
1494 1632 1694 1674 infunde-

345 1718 462 1753 retur
483 1724 491 1750 :
520 1709 572 1750 ita
591 1708 715 1748 etiam
735 1708 786 1747 de
805 1704 962 1761 Spiritu
984 1712 1128 1745 sancto
1146 1704 1267 1744 Pater
1287 1718 1330 1745 se
1352 1704 1453 1744 dicit
1477 1703 1694 1745 effundere

347 1796 472 1838 super
495 1793 663 1820 onmem
685 1791 854 1818 carnem
873 1792 883 1823 ;
904 1790 987 1815 non
1005 1774 1116 1815 enim
1139 1781 1274 1814 totum
1291 1773 1464 1823 effudit,
1489 1776 1563 1816 sed
1580 1775 1694 1831 quod

343 1851 515 1898 ell'udit,
543 1848 737 1889 omnibus
761 1846 1001 1886 abundavit.

404 1918 658 1963 LXAXYM.
695 1916 832 1972 Supra
857 1930 931 1956 nos
954 1928 1053 1971 ergo
1076 1914 1255 1956 effusum
1280 1923 1342 1956 est
1366 1916 1416 1956 de
1443 1913 1600 1971 Spiritu
1621 1929 1630 1955 ε
1653 1923 1694 1957 at

345 2008 444 2037 vero
466 2007 591 2048 super
614 1989 842 2032 Dominum
865 1987 1034 2034 desum,
1060 2001 1156 2028 cuni
1189 1985 1230 2026 in
1254 1987 1386 2027 forma
1415 1994 1524 2027 esset
1552 1986 1692 2027 hoini-

343 2066 428 2112 nis‚
454 2058 648 2104 manebat
671 2060 874 2116 Spiritus,
895 2058 1001 2099 sicut
1023 2054 1226 2114 seriptum
1252 2065 1312 2098 est
1334 2072 1343 2097 ε
1370 2057 1538 2114 «Supra
1566 2072 1691 2112 quem

341 2146 358 2176 ὁ
374 2134 522 2178 videris
552 2131 755 2189 Spiritum
793 2130 1119 2170 descendentem
1150 2129 1200 2168 de
1226 2129 1331 2169 coelo
1350 2160 1360 2176 ,
1385 2141 1425 2169 et
1448 2136 1690 2169 manentem

341 2220 497 2262 »super
522 2218 643 2251 eum,
676 2202 745 2243 hic
776 2209 839 2241 est
870 2199 942 2255 qui
973 2200 1155 2256 baptizat
1188 2200 1227 2240 in
1261 2199 1419 2256 Spiritu
1449 2197 1635 2240 sancto⁵.
1664 2216 1679 2238 n

343 2275 464 2317 Circa
488 2288 562 2314 nos
582 2287 633 2313 ex
658 2270 842 2313 affluenti
870 2271 1096 2311 commodo
1119 2269 1343 2310 liberalitas
1368 2269 1581 2326 largientis
1603 2276 1687 2316 est,

341 2345 383 2387 in
403 2345 471 2386 illo
496 2344 620 2384 totius
645 2350 786 2382 manet
808 2341 849 2381 in
869 2348 1074 2381 aeternum
1098 2340 1277 2397 Spiritus
1300 2339 1533 2396 plenitudo.
1561 2339 1690 2390 Quod

340 2415 466 2472 igitur
489 2414 609 2455 nobis
627 2414 723 2454 satis
740 2427 830 2453 esse
851 2412 1080 2468 judicavit,
1101 2412 1249 2453 ess'udit
1269 2427 1277 2452 :
1306 2420 1347 2452 et
1373 2412 1486 2467 quod
1507 2411 1686 2453 ess'usuni

341 2494 429 2534 est,
453 2501 536 2527 non
561 2493 798 2544 separatum
822 2494 899 2532 est,
915 2500 992 2527 nec
1015 2485 1193 2526 incisum
1213 2498 1222 2525 ε
1248 2485 1321 2526 sed
1338 2484 1538 2525 unitatem
1563 2483 1688 2524 habet

386 2595 395 2609 ¹
418 2587 490 2618 lsai.
518 2599 596 2626 χιιι,
630 2599 658 2621 ι.
674 2606 712 2612 -
730 2600 742 2614 ¹
766 2590 814 2621 ld.
844 2601 905 2626 ni,
925 2602 950 2622 ι.
969 2607 1008 2613 -
1030 2591 1043 2614 ³
1059 2588 1142 2621 Joet.
1170 2602 1218 2631 ιι,
1248 2589 1299 2622 28.
1320 2588 1630 2632 —⁴P11i1ip.11‚6.
1655 2605 1686 2610 —

341 2644 353 2665 ‘⁴'
373 2642 469 2675 Joan.
490 2655 513 2683 ι,
533 2642 583 2675 53.
