1768 3283
378 327 462 371 308
931 340 962 367 s.
1002 338 1192 367 AMBROSH

374 416 576 477 principis
598 416 864 459 sacerdotum
885 415 1112 458 Dominum
1132 419 1425 472 sequeretur-²,
1450 432 1575 475 quem
1597 432 1720 461 nemo

373 490 594 546 ligaverat,
616 486 718 527 fides
740 485 953 527 vinxerat:
980 496 1021 527 ct
1039 501 1162 542 quem
1189 485 1292 528 fides
1317 487 1472 536 vinxit,
1498 503 1618 544 prena
1638 505 1721 529 non

375 559 509 602 solvit.
550 558 707 600 Rursus
745 570 842 597 cum
878 556 1079 611 ligaretur
1118 572 1138 597 a
1173 556 1356 604 ‹Iud-(eis,
1385 558 1549 599 devotio
1572 558 1719 607 solvit,

375 644 496 688 poena
524 642 607 670 non
626 626 784 673 tenuit3
805 625 901 681 quia
924 641 1008 666 non
1027 626 1200 668 recessit
1223 642 1242 667 a
1269 626 1452 668 Christo.

434 696 537 741 CIV.
573 697 682 753 Ergo
709 704 751 737 et
780 704 824 737 tu
852 694 1052 752 crucifige
1084 705 1332 753 peccatum,
1361 705 1406 738 ut
1425 697 1606 739 moriare
1621 713 1724 754 pec-

375 776 494 815 cato3
524 766 595 822 qui
617 766 729 807 enim
758 774 931 821 peccato
954 765 1155 814 moritur,
1180 766 1267 807 Deo
1300 766 1430 807 vivit:
1461 765 1571 808 vivas
1594 767 1630 807 ei
1653 767 1724 823 qui

372 839 479 881 Filio
512 836 683 894 proprio
710 851 792 877 non
827 835 1039 893 pepercit;
1074 844 1119 876 ut
1147 837 1187 876 in
1221 835 1329 877 illius
1355 850 1532 893 corpore
1564 845 1725 878 nostrus

376 907 643 964 crucifigeret
660 906 883 963 passiones.
914 907 993 948 Pro
1013 906 1132 948 nobis
1155 906 1264 948 enin]
1288 916 1479 948 mortuus
1500 915 1560 948 est
1585 907 1724 947 Chris·

376 987 441 1020 tus
455 1011 465 1026 ,
487 986 534 1018 ut
555 977 681 1017 nosiu
695 976 801 1017 illius
820 975 1003 1017 redivivo
1024 990 1200 1032 corpore
1220 977 1464 1018 viveremus.
1487 976 1648 1019 Mortua
1666 983 1725 1016 est
1764 991 1768 1031 ξ

375 1063 474 1104 ergo
498 1047 537 1088 in
562 1047 630 1088 illo
649 1061 733 1087 non
752 1046 833 1087 vita
854 1055 992 1088 nostra
1007 1078 1017 1094 ‚
1036 1048 1108 1087 sed
1127 1048 1248 1103 culpa
1270 1061 1280 1088 :
1307 1064 1322 1084 α
1343 1047 1426 1098 Qui
1450 1055 1621 1103 peccata
1638 1079 1649 1095 ,
1669 1046 1729 1086 in·

376 1116 518 1173 »quit,
538 1123 678 1157 nostra
708 1115 880 1172 pertulit
903 1116 944 1157 in
972 1131 1151 1173 corpore
1177 1131 1251 1157 suo
1276 1117 1610 1173 superlignu1n3
1637 1125 1682 1158 ut
1707 1132 1725 1157 a
1764 1114 1768 1165 ξ

376 1186 590 1245 »peccatis
622 1185 773 1228 nostris
801 1186 1006 1243 separati,
1041 1201 1138 1227 cum
1173 1186 1332 1240 justitia
1365 1187 1576 1235 vivamus,
1607 1186 1728 1243 cujus

1762 411 1768 455 ὶ

1762 461 1768 486 ·r,

1762 487 1768 518 ἰ

1762 528 1768 551 τ

1762 562 1768 594 ι’.

1763 597 1768 621 ‚r

374 1278 389 1296 »
405 1259 576 1299 vulnere
594 1258 810 1313 plagarum
834 1256 965 1297 sanati
980 1270 1122 1296 sumus
1137 1254 1168 1297 ².
1191 1274 1206 1295 »
1764 1234 1768 1321 ξ

436 1326 519 1368 CV.
561 1325 739 1382 Lignum
766 1324 892 1382 igitur
914 1326 1017 1367 illud
1041 1325 1178 1367 crucis
1209 1326 1322 1366 velut
1350 1326 1541 1381 quaedam
1575 1334 1729 1366 nostrae
1764 1338 1768 1377 Ι

376 1396 491 1439 navis
509 1395 651 1437 salutis
670 1403 839 1436 vectura
863 1403 1002 1436 nostra
1021 1404 1098 1443 est,
1123 1409 1206 1436 non
1229 1409 1369 1452 poerna:
1389 1395 1466 1436 alia
1490 1395 1600 1436 enim
1620 1395 1728 1435 salus
1765 1390 1768 1419 ¹

376 1482 461 1508 non
488 1474 571 1515 est,
598 1464 676 1506 nisi
697 1474 863 1506 vectura
883 1465 1025 1506 salutis
1048 1473 1227 1506 aeternae.
1257 1465 1370 1505 Dum
1397 1473 1575 1505 mortem
1608 1479 1730 1521 expe-
1765 1453 1768 1535 Ξ

377 1537 527 1588 tendo,
550 1550 634 1576 non
657 1534 791 1576 sentio
819 1549 828 1575 ε
855 1536 956 1576 dum
984 1549 1150 1590 poenam
1176 1534 1516 1583 contemnendo,
1541 1548 1623 1575 non
1651 1549 1727 1590 pa—
1765 1537 1768 1588 1

376 1608 458 1648 tior
479 1621 488 1647 z
514 1607 614 1648 dum
636 1613 797 1647 metum
820 1605 962 1646 neseio
979 1637 989 1653 ‚
1010 1605 1280 1661 negligendo·
1765 1590 1768 1650 i

438 1677 545 1720 CVI.
583 1677 688 1728 Quis
710 1685 772 1718 est
794 1676 919 1733 igitur
936 1675 1058 1732 cujus
1080 1677 1254 1717 vulnere
1273 1676 1488 1732 plagarum
1512 1676 1643 1717 sanati
1667 1691 1731 1716 sn-
1765 1656 1768 1725 i

379 1765 497 1796 mus,
534 1748 610 1789 nisi
636 1746 826 1788 Christus
848 1746 1084 1788 Dominus:
1117 1746 1168 1786 de
1199 1759 1283 1801 quo
1320 1745 1430 1786 idem
1467 1745 1732 1802 prophetavit
1765 1754 1768 1819 ἰ

380 1820 520 1861 Esaias
541 1818 637 1874 quia
656 1819 775 1874 plaga
793 1816 884 1872 ejus
905 1824 1046 1858 nostra
1071 1815 1275 1869 medicina
1298 1815 1388 1857 est³
1414 1830 1423 1856 :
1448 1816 1500 1857 de
1527 1830 1608 1871 quo
1633 1815 1732 1856 Pau-
1766 1822 1768 1870 ᾗ

380 1891 443 1933 lus
475 1890 685 1946 apostolus
716 1887 757 1929 in
787 1887 981 1944 Epistolis
1013 1886 1097 1928 suis
1129 1885 1322 1942 scripsit:
1354 1885 1472 1937 «Qui
1505 1893 1730 1943 peccatum

382 1976 496 2001 »non
529 1957 744 2015 cognovit,
776 1958 850 1998 sed
886 1971 962 2012 pro
996 1956 1118 1997 nobis
1149 1963 1372 2012 peccatum
1395 1954 1528 1996 factus
1566 1953 1723 1995 est⁶P»
1766 1949 1768 2000 Ξ

380 2032 470 2073 lloc
487 2030 641 2087 quippo
664 2028 851 2069 divinum
869 2027 910 2068 in
930 2041 1002 2074 co,
1025 2026 1122 2082 quia
1150 2041 1247 2068 caro
1269 2034 1492 2083 peccatum
1507 2039 1592 2066 non
1617 2024 1730 2070 fecit,

384 2117 461 2143 nec
490 2102 529 2141 in
560 2116 610 2142 eo
632 2098 813 2155 suscepti
835 2098 1024 2154 corporis
1054 2105 1244 2138 creatura
1275 2096 1481 2153 peccavit.
1507 2095 1611 2138 Nam
1636 2095 1736 2150 quid

384 2173 566 2223 mirum,
591 2171 620 2212 si
646 2186 729 2211 non
752 2170 943 2226 peccavit
968 2166 1055 2210 sola
1083 2167 1304 2215 Divinitas,
1332 2182 1427 2208 cum
1450 2166 1655 2223 peccandi
1674 2165 1739 2206 in-

384 2242 547 2283 centiva
573 2256 657 2281 non
682 2239 867 2281 habeat?
889 2239 929 2280 Si
956 2246 1096 2279 autem
1124 2239 1235 2279 solus
1259 2253 1379 2280 exors
1406 2235 1569 2295 peccati
1597 2237 1707 2278 Deus
1726 2268 1735 2282 .
1766 2254 1768 2293 3

383 2311 518 2352 omnis
536 2311 680 2365 utique
703 2317 892 2351 creatura
919 2323 991 2364 per
1012 2316 1207 2349 naturam
1237 2307 1323 2356 sui,
1356 2314 1401 2347 ut
1440 2306 1643 2354 diximus,
1667 2306 1740 2347 ob·
1766 2301 1768 2372 ἓ

380 2382 500 2424 noxia
520 2389 763 2438 potestesse
782 2387 970 2436 peccato.
1766 2373 1768 2379 '

423 2480 431 2497 ²
454 2473 574 2505 Mauh.
595 2483 680 2512 xxvi,
699 2472 752 2505 58.
767 2490 804 2495 -
825 2482 834 2496 ²
857 2482 866 2502 ι
888 2472 976 2503 Petr.
993 2482 1028 2507 ιι,
1047 2471 1096 2508 24.
1110 2487 1149 2494 ——
1163 2471 1176 2494 ³
1192 2470 1264 2501 lsai.
1283 2481 1351 2506 ιιιι,
1369 2470 1399 2502 5.
1421 2486 1454 2493 -
1475 2472 1487 2496 ⁴
1509 2480 1524 2500 2
1543 2469 1618 2500 Cor.
1637 2479 1667 2506 v,
1686 2478 1737 2500 21.
1766 2483 1768 2501 :
