1768 3283
412 292 463 317 DE
498 291 656 318 smm'ru
691 291 867 324 sANcTo,
902 292 981 318 Lm.
1021 292 1048 319 1.
1328 289 1413 334 299

69 376 276 424 exaequet,
311 369 419 410 sicut
443 369 648 411 Dominus
682 370 768 426 ipse
790 369 981 425 promisit
1004 369 1146 411 dicens
1171 369 1344 411 :«Eritis
1363 368 1417 411 si-

70 447 171 479 »cut
191 438 338 496 Angeli
362 440 401 480 in
423 440 606 481 coelo¹i³a
621 440 706 483 Nec
725 440 920 489 difficile3
942 441 1011 496 qui
1033 440 1144 481 enim
1166 440 1256 481 illos
1279 439 1414 496 Ange-

68 507 129 548 los
152 508 250 550 fecit
273 510 313 549 in
329 509 485 566 Spiritu
499 510 530 559 ²,
546 511 736 553 homines
758 526 924 567 quoque
938 525 1011 568 per
1026 511 1216 552 eamdem
1229 508 1405 566 gratiam

70 579 223 621 similes
241 579 363 622 saciet
383 581 654 639 Angelorum.

126 651 321 693 LXXIX.
360 652 420 693 De
450 668 528 708 qua
562 660 700 694 autem
729 660 918 695 creatura
955 652 1037 694 dici
1060 659 1198 708 potest
1226 650 1323 707 quia
1346 666 1416 693 re·-

70 724 246 782 plevcrit
269 724 458 765 universa
475 757 483 769 ,
517 725 631 778 quod
663 723 866 780 scriptum
889 730 952 764 est
974 724 1025 764 de
1054 721 1211 779 Spiritu
1236 729 1380 762 sancto
1405 734 1416 761 ε

81 795 331 836 «Effundam
356 795 405 836 de
437 793 595 849 Spiritu
618 808 712 835 meo
730 808 854 849 super
877 807 1044 834 omnem
1064 790 1420 834 carnem³?»Non

72 866 151 907 hoc
176 866 227 905 de
258 864 416 922 Angclo
451 864 533 906 dici
566 872 714 920 potest.
743 863 933 918 Denique
962 862 1129 903 Gabriel
1154 862 1240 917 ipse
1270 861 1421 903 missus

74 937 124 977 ad
162 935 332 977 Mariam
365 951 373 976 :
397 935 515 976 «Ave
534 968 544 983 ,
588 935 721 990 inquit
744 967 754 982 ,
796 934 926 990 gratia
968 932 1167 989 pleua‘';»
1191 931 1420 989 spiritalem

73 1006 218 1062 utique
255 1006 296 1047 in
328 1021 374 1046 ca
409 1006 625 1047 declarans
658 1005 860 1067 gratiam:
897 1006 1010 1061 quod
1044 1004 1084 1045 in
1117 1018 1208 1044 eam
1243 1004 1423 1061 Spiritus

74 1087 240 1119 sanctus
275 1076 608 1133 supervenisset,
637 1085 679 1119 et
710 1077 881 1133 plenum
914 1076 1055 1133 gratiae
1086 1085 1256 1118 uterum
1285 1075 1424 1118 Verbo

77 1155 184 1188 esset
207 1146 398 1188 habitura
419 1147 590 1187 coelesti.

136 1216 313 1259 LXXX.
351 1217 520 1258 Domini
542 1217 656 1258 enim
680 1225 741 1258 est
764 1217 903 1258 omnia
925 1217 1138 1272 complere
1154 1249 1163 1264 ,
1186 1215 1257 1272 qui
1286 1216 1386 1258 dicit
1412 1230 1421 1258 ε

87 1287 199 1344 «Ego
222 1289 374 1328 coelum
395 1296 438 1329 ct
457 1296 610 1328 terram
634 1286 867 1343 complco⁵.
887 1305 902 1324 1>
925 1286 966 1328 Si
984 1302 1083 1343 ergo
1105 1287 1310 1328 Dominus
1332 1295 1393 1329 est
1412 1320 1422 1336 ,

77 1357 148 1413 qui
172 1358 322 1398 coelnm
342 1359 525 1414 complet
543 1366 583 1398 ct
608 1365 788 1403 terram;
815 1357 905 1412 quis
927 1365 1064 1413 potest
1088 1356 1287 1413 Spiritum
1312 1373 1431 1400 sanc-

81 1436 167 1470 tum
188 1427 374 1483 judicare
403 1427 723 1475 dominationis,
747 1436 788 1468 et
811 1427 958 1468 divinae
982 1427 1200 1484 potestatis
1224 1437 1428 1478 exortem,

78 1498 149 1554 qui
172 1498 346 1554 replevit
365 1498 510 1539 orbem
528 1531 537 1544 ‚
558 1506 598 1538 et
616 1499 726 1553 quod
746 1499 851 1538 ultra
869 1505 1003 1539 totum
1025 1497 1168 1538 orbem
1189 1506 1272 1547 est,
1293 1499 1432 1555 reple-

79 1568 136 1609 vit
153 1567 297 1609 Jesum
315 1568 463 1608 mundi
480 1568 605 1608 totius
622 1569 931 1624 redemptorem
945 1567 963 1607 Ξ)
978 1567 1188 1624 Scriptum
1207 1577 1269 1610 est
1287 1569 1399 1611 enim
1421 1583 1431 1611 ε

91 1637 237 1679 «Jesus
271 1646 409 1678 autem
447 1638 594 1694 plenus
628 1637 786 1693 Spiritu
818 1645 964 1678 sancto
983 1671 992 1684 ,
1033 1653 1245 1693 regressus
1283 1647 1344 1679 est
1380 1638 1430 1680 ab

82 1706 363 1749 »Jordane⁶.»
389 1708 492 1758 Quis
518 1707 645 1764 igitur
677 1707 778 1748 alius
809 1707 885 1748 nisi
911 1707 980 1763 qui
1003 1707 1193 1760 ejusdem
1216 1717 1325 1750 esset
1348 1709 1433 1765 ple-

82 1778 284 1819 nitudinis
302 1812 310 1824 ‚
331 1780 612 1833 complentem
639 1778 775 1818 omnia
804 1787 942 1834 posset
963 1778 1168 1834 implere?

140 1846 335 1889 LXXXI.
376 1847 457 1888 Sed
480 1863 532 1888 ne
560 1847 640 1888 hoc
675 1848 906 1888 secundum
942 1863 1112 1889 carnem
1137 1849 1298 1890 dictum
1331 1849 1436 1905 obji-

85 1917 218 1965 ciant3
244 1933 482 1974 quanquam
513 1920 604 1975 plus
635 1933 741 1958 unus
774 1920 865 1965 ille,
891 1933 1015 1974 quam
1045 1934 1210 1966 omneS,
1235 1921 1286 1961 de
1316 1920 1437 1976 cujus

89 2003 214 2029 carne
240 1989 379 2029 exibat
402 1989 531 2030 virtus
546 2022 554 2035 ,
574 2004 665 2044 quae
685 1997 850 2029 sanaret
869 2004 1013 2029 omnes
1037 2005 1045 2029 :
1067 1998 1206 2030 tamen
1224 1989 1332 2032 sicut
1356 1992 1439 2032 Do-

85 2058 223 2100 minus
245 2061 429 2115 complet
447 2059 586 2100 onmia
603 2092 613 2106 ,
639 2060 691 2100 ita
712 2060 836 2100 ctiam
857 2068 898 2100 ct
916 2061 964 2100 dc
984 2060 1141 2116 Spiritu
1164 2062 1322 2102 lectum
1344 2069 1434 2103 est:

101 2129 336 2180 aQuoniam
371 2129 550 2186 Spiritus
578 2130 744 2170 Domini
767 2130 940 2185 replevit
971 2131 1117 2170 orbem
1146 2131 1428 2172 terrarum7.n

89 2199 227 2240 Habes
251 2199 376 2240 eliam
402 2201 455 2240 de
478 2199 674 2241 omnibus
703 2200 771 2255 qni
797 2209 1080 2241 convenerant
1113 2216 1208 2242 cum
1229 2201 1439 2257 Apostolis

91 2268 249 2309 dictum
272 2269 382 2325 quia,
403 2270 587 2325 «Repleti
608 2279 750 2311 sancto
769 2271 943 2326 Spiritu,
965 2272 1248 2326 loquebantur
1267 2272 1442 2313 verbum

91 2340 195 2382 „Dei
218 2355 315 2381 cum
345 2340 497 2382 fiducia
513 2340 542 2382 ⁸.
562 2359 577 2379 r>
601 2340 724 2383 Vides
751 2342 846 2396 quia
871 2350 912 2382 et
935 2342 1239 2397 plcnitudiucm
1262 2351 1302 2384 et
1332 2341 1443 2384 fidu-

92 2411 201 2453 ciam
217 2413 286 2453 dat
306 2411 484 2469 Spiritus
502 2421 691 2461 sanctus3
718 2413 837 2468 cujus
859 2412 1144 2468 operationem
1157 2412 1444 2471 Archangelus

139 2537 144 2546 ⁴>
178 2526 297 2558 Mauh.
330 2537 418 2560 uu.
445 2528 494 2557 50.
514 2545 554 2551 -—
575 2536 585 2548 ²
610 2527 689 2558 Psal.
719 2537 774 2557 cur
793 2550 801 2563 ‚
831 2528 860 2561 A.
883 2545 917 2548 —
952 2528 964 2549 ³
993 2526 1077 2558 Joel.
1110 2539 1155 2561 u.
1182 2528 1232 2558 28.
1258 2544 1300 2552 -
1332 2528 1439 2560 ⁴Luo.

97 2579 200 2610 1.28.
221 2598 258 2603 ——-
286 2582 297 2602 ⁵
326 2580 449 2611 Jerem.
469 2591 548 2611 xxm
567 2602 577 2618 ‚
610 2580 659 2617 24.
679 2599 718 2603 —
737 2581 751 2601 ⁶
771 2581 845 2610 Luc.
869 2590 910 2616 iv,
933 2591 956 2610 ι.
987 2598 1025 2603 —-
1056 2587 1067 2607 ⁷
1087 2581 1161 2622 Sap.
1185 2592 1207 2618 ι,
1235 2592 1264 2621 7.
1286 2599 1317 2604 -
1341 2583 1354 2603 ⁹
1375 2582 1447 2613 Act.

97 2643 138 2671 iv,
166 2634 218 2663 δι.
