1806 3256
512 333 563 360 ΒΕ
598 326 708 365 Finss,
742 331 821 359 Lm.
862 332 914 359 lv·
1313 334 1389 378 171

44 413 130 450 lion
146 415 248 450 erat.
271 407 380 450 Ante
396 408 509 450 enim
527 410 727 466 temporis
742 417 818 456 est,
837 408 1049 467 generatio
1066 411 1160 453 ante
1178 418 1366 469 tempora
1384 431 1395 462 ;

45 485 86 520 e't
108 479 201 520 ideo
224 478 338 534 quod
365 478 570 535 posterius
592 489 676 527 est,
697 481 811 537 prius
841 496 922 521 non
947 489 1009 522 est
1038 496 1144 523 :nec
1171 497 1277 539 opus
1300 491 1395 525 ante

46 556 259 590 auctorem
281 557 415 605 potest
437 565 552 598 rsse‚·
575 565 670 592 cum
691 566 815 606 opera
837 550 922 607 ipsa
948 551 1199 608 principium
1226 554 1278 594 de
1301 567 1397 609 ope-

44 628 182 661 ratore
200 635 274 660 suo
297 631 477 662 sumant.
500 620 607 667 Nam
628 622 840 677 quomodo
860 631 954 663 ante
978 632 1245 679 operatorem
1268 639 1393 665 suum

45 693 144 730 usus
173 689 309 746 operis
340 691 593 738 aestimetur;
629 706 725 732 cum
755 707 879 733 omne
912 700 1077 748 tempus
1110 708 1214 749 opus
1241 693 1321 742 sit,
1355 701 1397 736 et

47 775 172 801 omne
192 777 295 817 opus
321 762 371 802 de
393 770 612 817 operatore
639 778 714 803 suo
738 770 783 803 ut
807 772 937 810 esset,
968 763 1162 819 accepit?

107 831 236 874 CXII.
284 831 470 888 Experiri
495 832 620 889 igitur
642 832 778 874 adhuc
798 831 894 873 istos
912 835 1006 874 volo
1023 866 1032 881 ,
1059 834 1128 890 qui
1151 835 1229 875 sibi
1252 834 1396 877 viden-

50 910 118 943 tur
140 903 288 950 astuti3
322 911 366 943 ut
395 903 446 944 de
471 902 621 943 nostris
645 903 951 959 respondeant,
979 903 1049 960 qui
1085 904 1398 946 calumniantur

50 972 198 1014 divinis
217 1005 226 1020 ‚
252 971 458 1029 longeque
482 972 691 1028 refugiunt
715 973 763 1013 ab
785 972 1045 1014 inscrutabili
1065 990 1255 1030 supernae
1277 990 1400 1032 gene·

49 1042 222 1083 rationis
238 1057 389 1083 arcano
411 1058 418 1082 :
440 1043 712 1098 quzestionem
729 1057 845 1083 suam
865 1043 1057 1084 humanae
1075 1052 1263 1085 astruant
1281 1059 1400 1100 gene-

49 1111 221 1152 rationis
249 1113 452 1168 exemplo.
483 1112 542 1153 De
560 1112 665 1152 Filio
693 1112 768 1153 Dei
794 1113 939 1153 dicunt
959 1113 1054 1168 quia
1079 1121 1300 1169 antequam
1337 1128 1403 1169 ge-

50 1189 271 1222 neraretur
289 1197 369 1222 non
389 1190 476 1222 erat
491 1214 500 1229 ,
530 1182 608 1223 hoc
626 1190 715 1229 est,
742 1181 792 1222 de
811 1180 885 1222 Dei
905 1182 1105 1238 sapientia
1123 1214 1131 1227 ,
1164 1182 1215 1223 de
1245 1182 1398 1223 virtute

51 1249 152 1298 Dei,
178 1252 230 1292 de
255 1248 330 1292 Dei
361 1250 523 1299 Verbo,
558 1251 679 1307 cujus
703 1251 916 1308 generatio
941 1250 1045 1292 nihil
1076 1259 1170 1292 ante
1203 1266 1246 1292 se
1269 1250 1397 1292 novit.

54 1320 181 1371 Quod
201 1320 232 1362 si
252 1320 476 1377 aliquando
492 1353 502 1369 ,
522 1331 566 1363 ut
586 1320 749 1369 volunt,
777 1336 859 1362 non
885 1320 963 1362 suit
986 1321 1123 1377 (qnod
1150 1320 1262 1361 nefas
1287 1320 1405 1361 dictu

53 1391 137 1445 est)
168 1405 249 1431 non
274 1390 350 1433 suit
368 1407 465 1447 ergo
490 1391 528 1432 in
547 1392 634 1432 Deo
652 1390 920 1448 perfectionis
940 1391 1162 1446 aliquando
1184 1390 1406 1446 plenitudo

55 1458 223 1511 divinae,
252 1461 283 1502 si
307 1470 446 1518 postea
470 1476 712 1518 processum
737 1459 1018 1517 generationis
1048 1460 1222 1515 accepit.

116 1531 266 1574 CXIII.
307 1528 464 1574 Tamen
491 1540 534 1573 ut
558 1532 691 1573 sciant
714 1546 839 1588 quam
872 1546 974 1573 vana
999 1530 1049 1570 sit
1067 1538 1107 1571 et
1131 1529 1318 1571 solubilis
1340 1543 1404 1569 eo-

56 1617 149 1643 rum
181 1601 379 1658 quaesti03
410 1601 510 1643 licet
540 1602 643 1643 nihil
671 1602 710 1642 in
750 1617 799 1642 co
833 1601 1034 1642 humanis
1063 1599 1263 1641 divinisve
1296 1613 1408 1639 com-

56 1682 211 1720 mune,
247 1681 386 1713 tamen
418 1672 579 1714 docebo
614 1672 824 1719 homines,
855 1680 1077 1727 antequam
1109 1677 1409 1716 nascerentur,

57 1741 195 1785 fuisse.
224 1743 307 1785 Aut
325 1751 476 1798 negent
502 1742 633 1783 Jacob
656 1741 857 1783 Sanctum
877 1739 1026 1789 fuisse,
1054 1740 1297 1796 priusquam
1317 1754 1413 1780 nas-

59 1822 246 1863 ceretur,
272 1813 341 1869 qui
369 1811 536 1854 fratrem
565 1811 909 1869 supplantavitin
929 1811 1106 1852 materni
1140 1809 1278 1851 adhuc
1306 1809 1414 1850 uteri

60 1883 220 1940 positus
247 1883 443 1925 arcano':
471 1893 624 1941 negent
651 1883 905 1925 Hieremiam
924 1914 932 1928 ,
960 1885 1188 1937 antequam
1217 1895 1414 1921 nascere-

61 1960 146 2000 tur,
175 1952 318 2001 fuisse,
344 1955 411 1995 cui
437 1954 594 1995 dicitur
615 1969 623 1995 :
642 1953 913 2009 «Priusquam
933 1961 973 1994 te
991 1951 1216 1992 formarem
1236 1950 1276 1991 in
1295 1958 1415 1990 utero

63 2023 236 2064 »matris
260 2032 356 2071 tusc,
383 2024 475 2064 novi
498 2033 535 2065 te
556 2039 564 2064 :
586 2032 625 2064 et
649 2024 894 2080 priusquam
915 2021 1048 2063 exires
1067 2023 1117 2061 de
1132 2022 1250 2062 vulva
1265 2052 1276 2068 ,
1302 2034 1418 2061 sanc-

63 2092 246 2134 »tificavi
280 2103 343 2140 te,
379 2103 420 2135 ct
442 2094 694 2151 prophetam
729 2094 768 2134 in
795 2093 988 2149 gentibus
1015 2091 1136 2149 posui
1170 2089 1250 2133 te².
1269 2110 1283 2128 ι)
1302 2090 1418 2141 Quid

63 2163 145 2206 hoc
168 2164 400 2206 evidentius
425 2164 526 2206 tanti
549 2166 741 2220 exemplo
763 2163 982 2220 Prophetae
998 2195 1007 2211 ‚
1030 2163 1098 2218 qui
1129 2160 1420 2203 sanctificatus

65 2242 148 2282 est,
190 2241 413 2290 antequam
442 2244 588 2282 natus,
625 2242 665 2276 et
689 2241 913 2290 antequam
936 2232 1210 2279 formaretur,
1243 2239 1306 2273 est
1322 2245 1417 2287 cog-

65 2303 209 2346 nitus?

126 2372 273 2416 CXIV.
312 2374 425 2426 Quid
441 2375 566 2416 etiam
586 2376 637 2417 de
660 2374 825 2416 Joanne
847 2375 1011 2430 loquar,
1042 2374 1093 2415 de
1111 2379 1196 2428 quo
1212 2380 1346 2413 mater
1363 2382 1423 2411 re-

66 2442 213 2499 ligiosa
242 2451 443 2491 testatur,
469 2445 562 2499 quia
592 2446 699 2486 intra
726 2452 913 2485 materna
939 2443 1042 2484 situs
1070 2442 1208 2482 adhuc
1237 2441 1420 2487 viscera,

68 2514 331 2570 praesentiam
346 2515 514 2556 Domini
534 2515 682 2571 spiritu
705 2514 918 2571 cognovit,
937 2513 1194 2554 exultatione
1211 2510 1427 2567 consigna-

71 2583 151 2630 vit,
186 2583 294 2625 sicut
330 2585 531 2642 scripturn
567 2585 865 2634 meminimus,
898 2593 1035 2627 matre
1066 2583 1234 2626 dicente
1257 2581 1429 2623 :·Ecce

120 2683 129 2698 ⁸
147 2676 232 2708 Gen.
249 2686 324 2712 xxv,
342 2678 391 2708 25.
408 2695 446 2701 —
467 2687 479 2701 ¹
499 2677 618 2710 Jerem.
638 2689 661 2715 1,
685 2680 714 2708 5.
