1768 3283
370 284 392 326 5
404 283 455 327 16
971 294 1109 324 mnax.

408 385 494 406 mum
511 372 563 405 ubi
579 384 616 406 ex
632 372 785 415 Apostolo
800 371 1049 404 demonstratum
1062 377 1128 408 est,
1141 370 1304 404 Christum
1315 381 1425 403 verum
1443 371 1546 403 Deum
1560 380 1625 404 esse

407 428 468 459 rite
480 426 659 459 conficitur.
1651 423 1708 456 193

365 482 473 514 cnut
500 481 545 513 ll.
570 481 650 513 Cum
666 480 836 523 probatum
849 480 890 512 sit
908 479 1024 511 Filium
1039 489 1105 511 esse
1118 488 1230 510 verum
1251 477 1355 510 Deum
1367 502 1374 514 .
1390 489 1447 510 nec
1464 478 1495 510 in
1509 489 1547 510 eo
1562 477 1625 509 mi-

405 545 516 567 norem
534 534 647 572 Patre;
663 533 844 566 ostenditur
857 544 914 576 per
931 542 1041 564 vocem
1053 534 1136 563 solus
1151 542 1224 564 eum
1236 531 1268 563 in
1284 531 1459 575 Scripturis
1473 532 1512 564 de
1529 532 1625 564 Patre

405 588 533 627 dicitur,
548 598 613 620 non
626 586 765 619 excludit
780 587 916 623 Filium;
939 585 1016 629 quin
1029 586 1093 617 imo
1105 586 1186 618 hanc
1206 586 1234 617 ei
1251 595 1361 617 vocem
1375 595 1440 628 prae
1456 585 1576 618 cunctis
1592 591 1624 618 et

403 643 459 674 soli
477 643 532 685 ipsi
551 642 732 674 convenire.
746 641 941 674 Trinitatem
955 651 1021 672 non
1039 640 1124 673 inter
1141 640 1247 672 omnia
1258 665 1266 676 ‚
1282 640 1337 672 sed
1349 650 1446 683 super
1459 640 1564 671 omnia
1579 650 1624 671 so-

402 696 466 728 lam
483 707 549 729 esse
565 708 574 727 ε
596 695 711 727 Filium
729 705 806 726 vero
823 695 924 726 solum
941 694 1044 727 facere
1057 719 1068 733 ,
1093 705 1165 738 quae
1181 694 1256 727 facit
1273 694 1381 733 Pater,
1397 704 1433 726 ac
1448 693 1551 726 solum
1569 693 1626 725 ha-

357 760 363 792 g
403 750 479 782 here
495 749 786 785 immortalitatem:
804 745 863 780 nec
879 749 1015 792 proinde
1030 749 1062 780 in
1076 748 1182 780 verbis
1195 747 1408 780 controversis
1423 757 1494 779 eum
1505 757 1521 779 a
1531 746 1625 779 Patre

400 804 610 848 separandum
621 816 628 840 ;
641 804 736 835 licere
752 809 856 836 tamen
875 814 947 836 eum
962 804 1066 836 locum
1079 804 1257 845 intelligere
1272 802 1311 835 de
1326 802 1544 834 incarnatione
1562 812 1570 832 :
1584 800 1624 832 ab

398 858 460 891 illis
476 860 604 890 demum
620 858 748 890 Patrem
765 858 804 889 ab
821 858 986 890 hominum
1012 857 1235 901 redemptione
1256 855 1374 889 secludi
1391 878 1401 896 ‚
1424 855 1478 899 qui
1500 854 1540 887 ab
1562 854 1622 886 hoc

399 913 516 945 Filium
530 915 709 956 stunctum
724 913 846 945 volunt.
1650 918 1708 950 197

355 967 463 999 CArcr
487 967 553 998 111.
583 966 727 998 Arrianis
746 971 857 998 contra
880 966 1072 1007 urgentibus
1099 967 1184 998 Deos
1207 964 1314 997 induci
1332 964 1409 997 duos
1435 974 1473 996 ex
1499 962 1623 996 unitate

396 1021 582 1054 substantia:
594 1043 603 1059 ‚
623 1020 836 1062 respondetur
861 1020 1078 1062 pluralitatem
1095 1030 1133 1052 ex
1151 1020 1337 1053 diversitate
1365 1019 1470 1062 potius
1488 1017 1598 1050 inferri
1614 1042 1623 1054 .

395 1075 597 1118 proindeque
610 1076 643 1105 in
658 1075 742 1116 ipsos
756 1073 900 1106 recidere
912 1084 999 1105 suam
1013 1074 1258 1107 accusationem.
1275 1074 1501 1106 Diversitatem
1515 1072 1623 1104 multi—

396 1131 512 1173 plicem
527 1130 558 1161 in
573 1140 664 1161 causa
681 1139 748 1161 esse
761 1139 818 1160 cur
838 1128 901 1160 duo
917 1129 1062 1160 homines
1085 1139 1164 1160 unus
1181 1129 1277 1161 homo
1299 1128 1360 1160 dici
1378 1138 1442 1160 non
1463 1127 1608 1170 possint;

399 1195 470 1215 cum
489 1190 594 1216 tamen
611 1193 719 1215 omnes
735 1183 881 1215 homines
901 1183 1104 1225 singulariter
1121 1182 1217 1214 homo
1239 1182 1403 1222 dicantur,
1428 1181 1483 1213 ubi
1500 1186 1623 1214 naturae

395 1238 502 1270 unitas
522 1238 696 1270 indicatur.
723 1237 833 1269 Solam
858 1237 890 1268 in
911 1237 959 1268 his
977 1242 1124 1269 naturam
1140 1247 1235 1269 unam
1248 1247 1313 1269 esse
1328 1248 1337 1275 ;
1354 1242 1387 1270 at
1401 1236 1616 1268 omnimodam

395 1293 428 1324 in
442 1292 586 1335 personis
599 1292 715 1324 divinis
730 1292 885 1324 unitatem
903 1303 910 1321 :
927 1301 943 1322 a
958 1291 1052 1323 Patre
1064 1291 1161 1333 igitur
1173 1301 1237 1323 non
1250 1291 1463 1334 separandum
1479 1289 1596 1322 Filium
1611 1301 1620 1328 ;

396 1347 532 1377 maxime
550 1357 621 1378 cum
641 1346 668 1378 ei
686 1345 827 1378 debitam
845 1356 911 1378 esse
927 1345 1145 1378 adorationem
1162 1355 1277 1387 negare
1292 1355 1355 1377 non
1372 1344 1519 1377 audeant.
1645 1354 1701 1376 ποι

356 1400 471 1431 CAPUT
495 1400 553 1432 IV.
581 1399 805 1441 Objiciebatur
843 1399 883 1431 ab
909 1399 1066 1431 haereticis
1091 1399 1256 1431 Christum
1285 1399 1374 1431 Patri
1401 1398 1620 1431 adorationem

398 1453 590 1485 exhibuisse.
606 1454 648 1485 At
664 1453 833 1495 reponitur
846 1458 878 1485 et
891 1453 951 1485 hoc
968 1452 1175 1485 referendum
1191 1452 1231 1484 ad
1249 1452 1503 1491 humanitatem,
1527 1457 1561 1484 ut
1582 1461 1620 1483 ex

399 1507 622 1545 lociexamine
637 1508 859 1540 manifestatur
875 1520 883 1544 ;
910 1507 976 1539 illic
999 1513 1105 1539 tamen
1121 1507 1230 1539 addita
1244 1516 1310 1538 esse
1326 1505 1511 1538 Divinitatis
1528 1504 1620 1538 testi-

401 1563 507 1594 monia
522 1587 530 1600 ,
546 1562 631 1605 quod
648 1562 680 1593 in
694 1561 762 1593 aliis
775 1561 871 1594 etiam
883 1561 1002 1593 Christi
1018 1561 1169 1604 operibus
1187 1561 1305 1593 factum
1321 1560 1481 1592 videmus.
1646 1570 1704 1591 20.)

348 1618 461 1650 Carnr
486 1618 525 1649 V.
553 1616 729 1648 Dominicae
747 1616 786 1648 ad
802 1615 950 1648 Zebedaei
972 1615 1109 1647 filiorum
1131 1622 1267 1646 matrem
1290 1613 1387 1646 verba
1401 1612 1620 1655 ingerentibus

397 1671 584 1704 Ambrosius
602 1671 794 1714 respondet,
811 1670 897 1713 quod
905 1669 1052 1702 Christus
1062 1669 1212 1701 moestitia
1230 1669 1316 1700 illam
1331 1667 1457 1713 afficere
1468 1667 1620 1703 noluerit.

395 1725 572 1757 clementiae
585 1724 690 1756 fuisse.
712 1724 855 1756 Affertur
869 1723 1001 1763 hujusce
1020 1722 1226 1764 indulgentiae
1241 1731 1332 1753 causa
1347 1708 1522 1762 multiplex.
1547 1721 1617 1752 Ma-

349 1780 353 1784 '
394 1778 488 1810 luisse
503 1778 601 1820 igitur
612 1778 786 1810 Dominum
799 1777 963 1819 petitionis
976 1776 1059 1808 illius
1068 1775 1303 1807 concessionem
1315 1775 1354 1807 ad
1369 1774 1499 1807 Patrem
1509 1774 1618 1808 remit-

391 1839 472 1872 tere,
488 1843 582 1875 quam
597 1832 742 1864 eamdem
756 1830 987 1874 impossibilem
1009 1830 1238 1872 pronuntiare:
1264 1839 1322 1861 nec
1345 1834 1452 1862 tamen
1476 1828 1608 1861 Christo
1651 1833 1655 1870 ⁴.

396 1887 634 1919 incommodare
649 1897 740 1918 suum
754 1896 957 1929 responsum,
976 1890 1043 1917 tum
1060 1895 1097 1917 ex
1110 1884 1185 1926 ipsis
1201 1883 1342 1926 ejusdem
1353 1882 1479 1922 verbis,
1498 1887 1567 1916 tum
1581 1891 1619 1915 ex
1641 1884 1644 1886 ’

395 1943 528 1974 aliorum
544 1942 688 1974 locorum
702 1941 939 1984 comparatione
956 1940 1148 1972 ostenditur.
1645 1947 1704 1979 207

358 1996 467 2028 Cnur
491 1997 551 2029 Vt.
578 1995 764 2028 Accuratius
787 1995 983 2038 propositam
1003 1994 1166 2026 soluturus
1189 1992 1404 2034 objectionem
1421 2013 1431 2029 ,
1452 1989 1619 2023 contendit

415 2056 621 2082 memoratam
638 2049 837 2092 petitionem,
848 2048 872 2080 si
887 2048 982 2080 modo
1002 2049 1034 2080 in
1050 2057 1082 2079 se
1095 2046 1296 2089 impossibilis
1308 2056 1373 2077 non
1390 2044 1448 2077 suit
1460 2067 1470 2084 ,
1485 2043 1620 2087 possibl-

418 2107 480 2138 lem
498 2105 590 2137 suisse
604 2105 756 2141 Christo;
777 2103 913 2135 maxime
924 2113 995 2135 cum
1010 2102 1067 2144 ipsi
1083 2112 1177 2134 omne
1191 2100 1344 2144 judicium
1361 2099 1458 2131 Pater
1473 2098 1617 2137 dederit,

394 2161 480 2204 quod
496 2161 563 2192 sine
575 2160 637 2192 ulla
653 2159 903 2202 imperfectionis
914 2164 988 2191 nota
1002 2156 1258 2199 intelligendum.
1275 2155 1428 2188 Attamen
1443 2154 1528 2186 idem
1543 2155 1613 2196 pos-

397 2215 532 2246 tulatum
545 2214 630 2245 inte-r
643 2212 852 2255 impossibilia
869 2212 1061 2249 censendum
1079 2210 1204 2254 probat.
1222 2209 1318 2249 Quod
1333 2214 1370 2241 ut
1382 2207 1513 2240 omnino
1531 2211 1612 2238 esset

394 2268 542 2310 possibile
556 2291 565 2307 ‚
580 2273 655 2300 tunc
672 2276 857 2309 responsum
872 2266 992 2298 Christi
1009 2265 1181 2298 secundum
1194 2269 1342 2296 naturam
1354 2262 1526 2295 humanam
1538 2259 1617 2292 acci·

396 2321 549 2364 piendum
564 2320 688 2358 tradit,
706 2330 742 2352 ac
758 2320 822 2351 loci
837 2319 1049 2362 explicatione
1066 2319 1216 2350 declarat.
1235 2316 1384 2359 Deniq‘ue
1401 2316 1515 2348 iterum
1529 2322 1616 2345 suam

393 2375 561 2407 confirmat
575 2374 613 2406 de
626 2374 772 2406 sessionis
788 2373 880 2415 hujus
892 2373 1146 2414 impossibilitate
1160 2370 1408 2413 responsionem.
1642 2375 1676 2397 2¹
1687 2374 1699 2397 1

349 2430 457 2461 CApcr
478 2429 557 2461 Vll.
583 2428 733 2470 Objectio
758 2428 857 2470 petita
878 2438 914 2459 ex
932 2428 993 2458 hoc
1025 2427 1097 2457 loco
1119 2436 1127 2456 t
1155 2424 1314 2456 Dilexisti
1330 2433 1394 2461 eos,
1416 2423 1500 2454 sicut
1517 2425 1548 2454 et
1566 2429 1617 2452 me

393 2482 560 2519 dilexisti,
588 2487 623 2513 ut
639 2481 793 2521 diluatur,
810 2481 916 2523 primo
933 2479 1145 2513 Atrianorum
1166 2477 1380 2522 expositionis
1396 2475 1543 2520 impietas
1556 2474 1612 2506 de-

394 2540 603 2573 monstratur,
621 2534 737 2566 deinde
752 2539 979 2577 comparantur
994 2532 1105 2566 eadem
1121 2532 1218 2565 verba
1233 2543 1308 2565 cum
1323 2529 1497 2566 similibus,
1510 2539 1547 2561 ac
1561 2529 1616 2561 de-

406 2600 491 2622 mum
510 2594 595 2623 totus
610 2589 696 2623 locus
711 2588 939 2622 consideratur.
962 2587 1046 2620 Hinc
1062 2587 1228 2622 deducitur
1257 2585 1380 2620 Christi
1407 2583 1612 2623 missionem,

1689 1560 1703 1575 .,

1642 2205 1650 2248 »a
