1806 3256
397 318 416 344 2
427 317 447 344 2
940 313 971 340 S.
1012 314 1031 341 A
1041 313 1203 341 MBRosn

388 400 487 437 cum
512 393 667 436 Filium
691 391 806 444 dico,
831 392 1006 432 ostendo
1035 391 1220 447 priorem
1251 390 1432 439 Patrem,
1470 390 1566 448 quia
1588 391 1715 433 Pater
1732 424 1744 440 ,

389 463 549 520 inquis,
572 461 680 505 Filio
707 461 834 519 prior.
858 460 971 511 Quid
992 468 1054 502 est
1076 459 1188 502 hoc?
1206 460 1337 516 Negas
1356 475 1445 501 esse
1468 468 1632 518 tempus
1651 470 1747 504 ante

385 533 539 576 Filium
555 564 566 581 ‚
589 540 632 573 et
650 539 789 572 tamen
811 531 951 571 nescio
974 531 1076 586 quid
1097 538 1192 571 ante
1210 530 1366 571 Filium
1389 529 1448 571 vis
1468 531 1743 587 praecessisse,

386 605 499 661 quod
521 601 721 658 temporis
751 601 827 650 sit;
862 609 901 642 et
933 601 1117 642 ostendis
1156 601 1296 642 media
1330 602 1472 644 nescio
1499 613 1590 658 quae
1621 602 1748 644 moli-

386 674 499 715 mina
520 672 644 714 fuisse
663 670 918 728 generandi,
941 671 982 712 in
999 685 1081 727 quo
1105 671 1418 727 generationem
1441 672 1574 714 Patris
1595 671 1746 729 signifi·

388 746 457 784 cas
497 742 789 798 temporalem.
830 740 935 782 Nam
977 741 1009 782 si
1046 742 1171 783 Pater
1200 756 1288 783 esse
1314 741 1470 798 coepit3
1502 741 1615 783 Deus
1646 755 1746 799 ergo

387 813 528 870 primo
550 819 666 860 erat,
689 818 834 868 postea
862 810 985 851 Pater
1013 809 1147 852 factus
1172 819 1247 853 est.
1286 812 1513 862 Quomodo
1542 825 1641 868 ergo
1671 811 1747 852 im-

390 881 604 925 mutabilis
625 879 769 922 Deus?
790 880 833 922 Si
856 880 969 921 enim
993 888 1088 922 ante
1111 881 1238 929 Deus,
1263 889 1407 938 postea
1427 881 1549 922 Pater
1569 896 1578 922 τ
1597 879 1746 937 utique

391 951 671 1010 'generationis
700 951 938 993 accessione
960 959 1146 993 mutatus
1164 960 1239 993 est.

449 1022 539 1065 LX.
578 1021 662 1063 Sed
685 1028 843 1062 avertat
877 1020 990 1062 Deus
1016 1020 1126 1062 hanc
1159 1021 1409 1069 amentiam3
1449 1036 1526 1063 nos
1558 1020 1671 1062 enim
1694 1021 1747 1063 ad

390 1093 650 1150 impietatem
672 1106 821 1134 eorum
844 1091 1180 1148 redarguendam
1195 1124 1204 1139 ,
1236 1092 1346 1133 hanc
1373 1091 1592 1133 retulimus
1610 1107 1745 1148 quaes-

390 1165 567 1207 tionem.
592 1163 663 1205 Pia
684 1177 867 1218 namque
890 1177 1011 1203 mens
1032 1161 1347 1218 generationem
1370 1162 1459 1204 sine
1480 1171 1670 1219 tempore
1688 1177 1747 1204 as-

391 1235 514 1283 serit3
542 1242 588 1275 ut
621 1242 663 1275 et
695 1233 998 1289 sempiternum
1029 1233 1196 1275 Patrem
1231 1248 1329 1275 cum
1363 1233 1470 1276 Filio
1498 1234 1633 1282 dicat,
1667 1248 1745 1275 nec

391 1306 616 1362 aliquando
638 1311 794 1345 asserat
812 1318 902 1344 esse
922 1311 1150 1345 mutatum.

442 1375 553 1417 LXI.
591 1373 751 1429 Jungat
774 1373 901 1430 igitur
919 1372 1245 1416 honorificentia
1268 1374 1382 1416 Patri
1409 1373 1564 1416 Filium
1581 1405 1592 1423 ‚
1617 1389 1744 1430 quem

388 1445 593 1490 Divinitas
617 1442 754 1497 junxit
773 1457 782 1484 ε
805 1458 889 1484 non
913 1451 1078 1500 separet
1097 1443 1290 1500 impietas
1306 1475 1315 1491 ‚
1348 1458 1474 1500 quem
1506 1443 1744 1500 generatio-

391 1517 456 1559 nis
477 1514 710 1573 proprietas
729 1513 951 1571 copulavit.
980 1513 1320 1556 Honorifieemus
1341 1514 1520 1562 Filium,
1544 1523 1591 1556 ut
1606 1514 1744 1556 hono-

390 1586 603 1629 rificemus
625 1594 668 1627 et
689 1585 855 1627 Patrem
871 1584 905 1633 ¹,
931 1585 1041 1627 sicut
1063 1593 1104 1626 et
1125 1585 1167 1626 in
1195 1585 1420 1642 Evangelio
1440 1584 1644 1642 scriptum
1663 1594 1737 1627 est.
1791 1587 1794 1590 ’

391 1655 710 1712 Sempiternitas
729 1654 823 1697 Filii
851 1664 1034 1712 paternae
1063 1654 1294 1710 majestatis
1318 1655 1479 1712 insigne
1500 1663 1575 1697 est.
1602 1653 1644 1697 Si
1666 1655 1743 1697 iste

390 1740 476 1767 non
500 1740 664 1781 semper
684 1724 760 1766 suit
779 1757 789 1772 ,
814 1739 913 1782 ergo
946 1726 1013 1766 ille
1048 1733 1232 1766 mutatus
1267 1733 1356 1766 est:
1381 1723 1455 1766 sed
1477 1739 1643 1782 semper
1666 1723 1744 1766 fuit

389 1797 544 1848 Filius,
563 1811 662 1853 ergo
686 1810 762 1837 nec
779 1795 902 1837 Pater
923 1796 1147 1852 aliquando
1169 1804 1353 1837 mutatus
1367 1803 1455 1844 est;
1475 1795 1570 1851 quia
1594 1794 1744 1837 immu—

390 1865 528 1908 tabilis
560 1880 725 1922 semper
754 1873 829 1907 est.
867 1865 1013 1922 Itaque
1049 1865 1238 1907 videmus
1266 1866 1379 1921 quod
1412 1864 1470 1905 illi
1501 1863 1572 1921 qui
1596 1865 1742 1906 volunt

385 1951 539 1993 negare
557 1935 714 1979 Filium
736 1933 1064 1992 sempiternum,
1100 1936 1248 1977 volunt
1275 1935 1444 1977 Patrem
1474 1934 1627 1975 docere
1650 1948 1740 1975 esse

387 2015 611 2050 mutatum.

434 2119 440 2133 ¹
462 2110 557 2142 Joan.
574 2120 606 2149 v,
627 2109 672 2140 15.
