1768 3283
375 295 456 337 203
926 310 957 338 s,
997 309 1190 338 Atianosn

367 395 457 429 tum
486 388 725 445 praetulerat
754 386 935 428 filiorum
964 402 972 428 :
1007 387 1076 443 qni
1116 387 1249 443 prima
1281 401 1383 429 voce
1413 387 1552 430 vocati
1577 403 1597 430 a
1625 388 1717 430 Do-
1758 397 1763 405 '

369 457 506 507 mino,
540 465 585 499 ut
611 457 809 514 legimus,
843 457 998 499 relictis
1026 457 1183 498 retibus
1217 465 1258 498 ct
1290 466 1433 514 patre,
1460 458 1593 501 secuti
1618 468 1716 517 sunt
1762 484 1765 514 5

375 527 518 568 eum¹.

425 596 547 639 LVII.
585 597 683 638 Hcec
706 597 830 654 igitur
855 597 992 638 studio
1021 604 1218 638 maternae
1241 596 1471 639 sedulitatis
1491 597 1718 655 indulgen·
1762 616 1763 623 ¹

375 667 471 714 tior,
513 667 763 709 obsecrabat
808 667 1092 716 salvatorem,
1130 667 1303 709 dicens:
1331 667 1439 709 «Dic
1466 675 1512 709 ut
1552 669 1724 712 sedeant

377 738 447 779 »hi
488 739 570 779 duo
608 737 683 779 filii
707 737 790 779 mei
823 770 832 786 ‚
862 753 970 779 unus
1012 738 1063 778 ad
1096 738 1308 779 dexteram
1355 746 1496 786 tuam,
1530 747 1572 780 et
1622 740 1725 782 alter

374 808 455 848 »ad
479 807 688 848 sinistram
711 807 752 848 in
783 822 912 864 regno
943 806 1056 848 tuo².
1087 826 1101 844 »
1125 807 1210 848 Etsi
1233 823 1365 856 error,
1397 808 1561 865 pietatis
1586 817 1724 851 tamen
1760 794 1763 813 ἱ

373 892 490 918 error
518 886 603 925 cst3
639 878 831 919 nesciunt
864 877 976 917 enirn
1021 886 1210 918 materna
1252 877 1408 919 riscera
1447 878 1720 935 patientiam:

369 948 444 989 etsi
468 948 549 989 voti
573 963 715 994 avara,
748 956 887 989 taunsn
911 947 1125 988 veniabilis
1150 948 1357 1004 cupiditas
1374 980 1383 994 ‚
1410 963 1502 1004 quae
1540 963 1623 990 non
1652 963 1724 1005 pe·

373 1019 507 1060 eunice
537 1027 599 1060 cst
627 1018 766 1066 avida,
800 1020 873 1060 scd
904 1017 1045 1074 gratim
1075 1033 1084 1058 t
1124 1033 1201 1060 nec
1238 1019 1518 1060 inverecunda
1553 1018 1721 1076 petitio,

370 1104 460 1145 quae
482 1103 564 1130 nou
588 1087 687 1136 sibi,
713 1089 785 1129 sed
802 1088 942 1129 liberis
963 1088 1222 1138 consulebat.
1246 1089 1421 1131 Matrem
1440 1088 1718 1139 considerate,

371 1167 548 1201 matrem
569 1157 761 1215 cogitate.

427 1227 571 1271 LVltI.
611 1228 694 1270 Sed
711 1227 815 1270 nihil
831 1227 983 1270 mirum
1003 1228 1035 1270 si
1053 1228 1141 1271 vilis
1162 1228 1279 1271 vobis
1302 1227 1466 1271 videtur
1483 1228 1594 1272 circa
1618 1226 1723 1272 filios
1759 1223 1761 1225 ‚

371 1298 544 1342 affectus
567 1307 816 1356 parentum,
847 1299 917 1355 qui
946 1300 1070 1341 etiam
1105 1299 1405 1356 omnipotentis
1434 1299 1566 1341 Patris
1598 1299 1723 1342 vilem
1758 1302 1759 1305 ’

367 1371 520 1428 putatis
538 1386 626 1412 esse
652 1370 1056 1427 circa'L‘nigcnitum
1089 1370 1247 1411 Filium
1278 1369 1542 1412 charitatem.
1575 1370 1724 1412 Domi-
1756 1370 1759 1389 ³

369 1456 446 1482 nus
473 1441 566 1482 coeli
595 1451 720 1496 atque
751 1448 958 1481 terrarum
986 1441 1352 1482 verecundabatur
1393 1442 1460 1494 (ut
1488 1441 1722 1482 secundum
1756 1432 1757 1442 ἶ

369 1512 694 1568 assumptionem
713 1511 848 1553 carnis
871 1519 913 1552 et
936 1511 1109 1552 virtutes
1135 1511 1281 1552 animae
1313 1512 1484 1567 loquar)
1517 1526 1723 1553 verecun-

370 1583 563 1630 dabatur,
590 1582 786 1638 inquam,
811 1591 853 1624 et
871 1591 916 1624 ut
940 1582 1069 1638 ipsius
1096 1582 1224 1623 verbo
1251 1591 1359 1630 utar,
1386 1582 1724 1624 confundebatur

369 1654 493 1696 matri
520 1669 594 1711 pro
620 1653 713 1695 filiis
733 1653 961 1710 postulanti
986 1653 1111 1694 etiam
1134 1669 1218 1696 snae
1242 1653 1350 1695 sedis
1369 1654 1628 1694 consortium
1652 1655 1723 1695 de·
1753 1690 1756 1699 f

367 1740 548 1783 ncgare:
575 1740 645 1766 vos
681 1725 824 1766 aeterni
854 1725 929 1766 Dei
959 1724 1114 1766 Filium
1145 1724 1364 1782 proprium
1396 1724 1607 1766 interdum
1643 1739 1718 1781 pro
1754 1724 1755 1728 ¹

368 1794 600 1838 ministerio
626 1802 734 1836 stare
751 1795 1025 1842 contenditis,
1051 1794 1262 1836 interdum
1285 1794 1620 1842 famulatorium,
1641 1795 1721 1837 hoe
1752 1782 1755 1788 ¹

368 1875 454 1916 cst,
479 1881 562 1908 non
581 1881 631 1907 ex
655 1865 882 1922 majestatis
904 1865 1089 1913 unitate,
1114 1865 1187 1907 sed
1209 1880 1258 1907 ex
1282 1865 1413 1907 Patris
1434 1864 1721 1922 praeceptione
1752 1914 1754 1918 ‚

367 1937 492 1979 vultis
516 1936 606 1993 ejus
633 1951 722 1978 esse
753 1951 1018 1984 consessuuu
1057 1946 1098 1978 ct
1121 1935 1278 1993 negatis
1302 1935 1386 1978 hoc
1407 1936 1496 1977 Deo
1523 1950 1620 1978 vero
1642 1934 1720 1978 Dei
1751 1928 1753 1930 ,

365 2006 495 2055 Filio,
521 2007 634 2063 quod
652 2006 720 2047 ille
738 2006 980 2048 hominibus
1005 2018 1146 2062 aperte
1165 2005 1298 2049 noluit
1323 2006 1546 2062 denegare.
1751 2004 1753 2010 ’

426 2076 536 2120 LIX.
585 2077 888 2119 considerabat
924 2077 1036 2118 enim
1091 2077 1234 2118 matris
1282 2076 1550 2118 dilectionem
1569 2106 1581 2126 ‚
1625 2090 1718 2132 quae

367 2149 550 2191 filiorum
578 2148 772 2191 mercede
795 2149 1057 2205 grandaevam
1084 2148 1300 2190 solabatur
1319 2156 1553 2195 senectam,
1584 2155 1625 2188 et
1643 2148 1718 2188 de·-

365 2220 526 2262 sideriis
547 2220 645 2262 licet
667 2219 770 2261 sessa
791 2220 989 2261 maternis
1005 2252 1015 2268 ‚
1043 2219 1385 2261 charissimorum
1411 2218 1633 2276 pignorum
1658 2225 1719 2260 to-
1748 2266 1751 2274 ¹

364 2291 526 2335 lerabat
549 2289 794 2332 absentiam.

424 2363 513 2406 LX.
553 2361 827 2403 Considerate
847 2361 971 2402 ctiam
991 2359 1226 2409 foeminam,
1252 2360 1332 2403 hoe
1354 2367 1439 2408 cst,
1465 2374 1609 2401 sexum
1632 2358 1716 2401 sra-
1747 2375 1749 2409 j

367 2434 578 2491 giliorem,
603 2447 727 2489 quem
757 2432 961 2474 Dominus
986 2430 1152 2488 propria
1184 2432 1370 2472 nondum
1394 2429 1716 2472 confirmaverat

365 2503 567 2561 passione.
596 2502 891 2549 Considerate,
917 2501 1108 2556 inquam,
1127 2500 1222 2542 Evae
1240 2500 1348 2542 illius
1364 2499 1509 2559 primae
1529 2499 1714 2542 mulieris

362 2572 573 2619 haeredem
591 2572 792 2613 transfusa
816 2572 855 2613 in
879 2585 1024 2613 omnes
1049 2570 1336 2613 immoderata>
1358 2569 1598 2628 cupiditatis
1620 2584 1714 2613 suc·
1744 2575 1748 2621 f

408 2673 417 2692 ¹
441 2665 556 2700 Mauh.
578 2676 619 2704 xv,
637 2676 686 2698 22.
709 2684 747 2690 --
767 2684 776 2689 ω
801 2664 888 2698 lbid.
905 2676 954 2703 20,
976 2675 1024 2697 21.
