1806 3256
380 293 460 334 166
921 309 952 335 s.
992 308 1181 335 AMBROSH

373 381 487 438 quod
518 383 804 439 emancipatus
829 399 849 424 a
873 384 993 425 Patre
1016 399 1098 425 non
1127 384 1204 431 sit,
1231 391 1273 425 et
1302 383 1622 428 administrandi
1654 402 1726 445 pa-

335 502 339 504 ,
375 451 558 493 trimonii
583 467 664 493 non
690 452 840 494 habeat
868 453 1120 494 facultatem.
1158 451 1240 494 Sed
1270 469 1352 495 non
1377 462 1439 496 est
1464 455 1656 498 Christus
1685 456 1727 499 in

379 522 509 563 sacris
524 555 533 570 ,
561 523 631 577 qni
650 538 765 563 sacra
786 523 976 564 universa
998 523 1214 564 destruxit.

434 590 582 633 XCIV.
617 591 840 641 Quomodo
864 594 1009 633 volunt
1033 602 1170 633 tamen
1188 625 1197 640 ,
1228 593 1529 648 respondeant,
1556 609 1732 638 vera-ne
1787 607 1789 652 j

378 660 589 717 generatio
607 661 682 708 sit,
702 670 742 702 et
760 677 880 703 verus
906 663 1035 704 Filius
1054 678 1104 704 ex
1125 663 1212 704 Deo
1235 663 1356 705 Patre
1374 672 1496 706 natus
1511 696 1521 712 ‚
1546 665 1627 707 boc
1645 675 1730 714 est,

378 746 428 772 ex
449 730 679 772 substantia
701 732 831 773 Patris
849 766 857 779 ‚
880 748 928 774 an
947 748 997 774 ex
1021 733 1096 774 alia
1123 742 1242 774 natus
1270 733 1532 776 substantia?
1557 728 1599 777 Si
1621 736 1734 778 enim

378 801 526 842 dicunt
546 816 596 841 ex
618 801 764 847 Patre,
791 801 871 843 hoe
900 811 983 850 est,
1022 819 1071 844 ox
1103 803 1178 844 Dei
1212 804 1472 853 substantia,
1509 806 1734 853 convenit3

377 870 473 926 quia
494 886 544 912 ex
571 871 800 912 substantia
832 872 963 914 Patris
990 873 1143 914 Filium
1173 874 1332 915 dicunt.
1367 873 1478 931 Ergo
1499 875 1596 930 quia
1613 875 1739 917 unius
1787 878 1790 926 [

379 942 637 988 substantiae‚
658 942 780 983 unius
801 943 943 998 utique
965 944 1176 999 potentiae.
1201 943 1241 984 Si
1267 959 1364 985 vero
1381 959 1432 986 ex
1449 945 1527 986 alia
1550 940 1741 986 substan·

380 1012 434 1053 tia
471 1002 599 1053 Filius
627 1021 715 1059 est,
740 1015 954 1068 quomodo
980 1015 1247 1071 omnipotens
1283 1015 1405 1056 Pater
1428 1024 1513 1063 est,
1539 1025 1581 1057 et
1602 1016 1742 1057 omni-
1789 1007 1791 1026 ³

382 1090 532 1138 potens
558 1082 687 1124 Filius
718 1098 799 1124 non
833 1083 926 1125 cst?
950 1083 1060 1134 Quid
1094 1084 1207 1125 enim
1239 1086 1505 1142 praestantius
1532 1086 1565 1147 si
1596 1101 1645 1127 ex
1664 1086 1741 1127 alia

385 1153 616 1194 substantia
645 1154 799 1196 Filium
823 1156 934 1196 Deus
954 1155 1077 1205 fecit,
1097 1171 1194 1197 cum
1220 1156 1364 1212 utique
1387 1166 1429 1198 et
1443 1157 1574 1199 Filius
1590 1173 1641 1199 ex
1667 1157 1744 1198 alia

374 1238 463 1268 ‚nos
492 1224 721 1265 substantia
744 1224 869 1265 Filios
891 1225 966 1266 Dei
992 1224 1164 1266 fecerit?
1182 1225 1289 1282 Ergo
1314 1234 1384 1267 aut
1407 1226 1530 1268 unius
1547 1227 1744 1268 substan-

389 1293 453 1353 tiae
478 1293 605 1334 Filius
625 1309 720 1334 cuin
751 1294 897 1342 Patre,
919 1305 989 1336 aut
1014 1295 1135 1336 nnius
1158 1295 1369 1351 potentiae.

446 1363 575 1406 XCV.
613 1364 756 1421 Friget
788 1365 914 1420 igitur
943 1381 1091 1406 eorum
1130 1366 1326 1421 q‘uaestio,
1354 1365 1450 1423 quia
1494 1363 1546 1408 de
1580 1366 1748 1408 Christo

391 1433 581 1490 judicare
606 1450 687 1475 non
712 1444 907 1491 possunt.;
929 1435 1010 1477 imo
1029 1436 1125 1492 quia
1145 1436 1275 1478 vineit
1292 1437 1375 1488 ille,
1398 1452 1495 1478 cum
1515 1436 1743 1494 judicatur.
1790 1455 1793 1491 g

390 1504 513 1561 Digni
549 1513 688 1546 tamen
726 1515 823 1547 sunt
861 1506 925 1547 isti
964 1506 1121 1561 judicio
1156 1523 1256 1555 suo,
1293 1508 1362 1563 qui
1393 1508 1502 1549 hanc
1542 1506 1752 1565 objiciunt

390 1575 676 1632 qumstionem.
723 1576 764 1617 Si
796 1576 909 1617 enim
943 1578 1037 1618 ideo
1071 1578 1240 1633 aequalis
1266 1578 1376 1620 Patri
1405 1578 1535 1620 Filius
1558 1586 1750 1627 nonest,
1791 1593 1793 1633 j

391 1646 488 1702 quia
522 1661 605 1686 non
636 1647 850 1703 generavit
888 1648 1067 1696 Filium,
1104 1657 1146 1689 et
1178 1649 1243 1690 isti
1277 1649 1420 1705 utique
1457 1650 1685 1697 fateantur,
1720 1650 1754 1691 si
1791 1637 1793 1664 1

393 1731 478 1757 non
514 1715 670 1757 habent
706 1717 855 1766 Filios,
898 1718 969 1773 qui
1004 1727 1149 1760 serunt
1190 1718 1434 1776 hujusmodi
1471 1719 1751 1775 quaestiones‚
1791 1730 1794 1739 ’

396 1802 491 1828 suos
515 1787 592 1827 sibi
611 1787 735 1828 etiam
761 1790 948 1829 servulos
975 1789 1281 1845 praeferendos,
1304 1805 1353 1831 eo
1371 1790 1484 1846 quod
1503 1789 1755 1831 habentibus

397 1856 526 1898 Filios
549 1857 728 1912 aequales
751 1873 840 1898 esse
863 1873 946 1898 non
970 1867 1156 1914 possunt.
1182 1858 1222 1899 Si
1242 1868 1382 1901 autem
1413 1858 1573 1900 habent
1600 1858 1753 1906 Filios,

400 1941 483 1967 uon
508 1935 656 1981 putent
679 1926 755 1968 sibi
781 1927 979 1968 meritum
995 1961 1003 1974 ‚
1027 1929 1099 1969 sed
1124 1927 1308 1969 filiorum
1335 1928 1418 1984 juri
1444 1928 1610 1970 deferri.

461 1995 608 2038 XCVI.
646 1996 735 2038 Non
758 1997 948 2039 consistit
981 1998 1105 2054 igitur
1128 1998 1218 2040 haec
1246 1999 1445 2054 quaestiO,
1478 1998 1573 2054 quia
1597 1998 1766 2054 aequalis

403 2065 533 2107 Filius
561 2066 671 2107 Patri
698 2067 790 2107 ideo
814 2083 903 2107 osse
936 2082 1018 2109 nou
1047 2069 1200 2125 possit,
1240 2069 1333 2125 quia
1362 2069 1485 2110 Pater
1505 2067 1766 2125 generaverit

402 2134 579 2182 Filium,
603 2135 732 2177 Filius
755 2138 918 2178 nullum
938 2153 987 2179 ex
1009 2154 1050 2179 so
1076 2138 1161 2195 ipse
1184 2138 1461 2195 generaverit.
1488 2138 1591 2181 Nam
1609 2146 1651 2179 et
1675 2137 1766 2179 sons

403 2205 578 2246 ssuvium
600 2215 793 2262 generat,
815 2215 856 2248 et
876 2206 1029 2249 fluvius
1053 2208 1211 2249 sontem
1232 2224 1282 2250 ex
1298 2224 1340 2250 se
1359 2209 1445 2265 ipse
1462 2223 1546 2250 nou
1568 2214 1763 2265 generat:
1792 2215 1795 2220 '

406 2282 448 2316 et
473 2275 544 2316 lux
572 2276 841 2331 splendorem
874 2286 1070 2333 generat,
1100 2293 1182 2320 uon
1211 2280 1409 2336 splendor
1432 2279 1595 2328 lucem3
1620 2276 1661 2321 et
1684 2292 1767 2320 una
1792 2324 1794 2326 ,

402 2353 551 2386 natura
571 2353 634 2386 est
652 2345 886 2403 splendoris
916 2355 958 2388 et
976 2347 1095 2390 lucis.

1778 0 1783 55 Ι

1778 65 1784 178 l

1779 183 1785 382 t
