1806 3256
1804 210 1806 233 l

469 287 477 298 ι
1804 235 1806 290 i

427 289 507 339 164
963 299 993 327 s.
1035 299 1223 327 ,uissnosn
1803 300 1806 372 Α

416 398 492 424 nos
526 380 695 427 docum
734 377 834 420 dicit
861 377 973 418 enim
1005 376 1218 424 Joannes;
1259 377 1353 432 quia
1384 395 1398 415 «
1421 377 1466 418 In
1504 375 1585 420 hoc
1613 378 1771 420 mundo

415 460 556 500 verat,
582 450 828 492 otmundus
858 463 933 505 per
971 447 1106 504 ipsum
1139 447 1273 488 sactus
1297 456 1380 496 est,
1407 450 1653 490 otmundus
1675 464 1773 491 eum

417 540 532 566 »non
560 520 770 578 cognovit.
799 519 844 560 In
870 518 1037 575 propria
1063 517 1204 565 venit,
1230 525 1269 558 et
1293 518 1354 559 sni
1379 533 1474 559 eum
1498 534 1581 560 non
1600 535 1774 577 recepe—

417 601 560 636 »runt.
582 592 801 646 Quotquot
823 597 963 630 autem
990 596 1243 644 receperunt
1265 602 1388 636 eum,
1408 589 1523 630 dedit
1541 589 1618 630 illis
1632 597 1773 645 potes-

415 684 431 705 »
447 672 574 706 tatem
599 660 723 703 Filios
744 658 818 700 Dei
839 656 927 698 fieri
943 690 952 704 ‚
978 656 1039 698 his
1060 657 1129 712 qui
1146 658 1325 699 credunt
1349 657 1390 698 in
1411 658 1720 714 nomineejus¹.
1746 676 1762 697 ι»
1800 621 1806 700 l

473 729 748 775 LXXXVIII.
788 727 976 770 Dicimus
1003 727 1143 783 itaque
1165 728 1382 783 potestatis
1405 743 1520 776 esse,
1553 730 1666 784 quod
1696 744 1771 770 nos

412 803 542 846 Filios
573 800 649 843 Dei
682 799 781 840 fecit
812 815 820 838 :
856 797 1121 854 proprietatis
1156 807 1293 838 antem
1331 798 1644 854 generationem
1682 815 1771 840 esse

413 873 581 918 oracula
596 870 730 912 diviua
748 869 962 909 declarant
980 885 990 914 3
1012 867 1112 908 dicit
1136 868 1248 908 enin]
1263 868 1472 924 Sapientia
1484 869 1579 909 Dei:
1599 869 1685 910 «Ex
1699 884 1772 910 ore

408 940 636 986 »Altissinii
656 937 812 996 proclivi
827 937 838 957 ²
855 971 863 984 ,
886 956 899 974 n
916 937 993 978 hoc
1013 945 1095 984 est,
1122 953 1204 977 non
1224 947 1386 984 coacta,
1406 937 1478 978 sed
1497 939 1627 980 libera
1649 954 1657 978 :
1681 954 1767 979 non

403 1012 596 1073 potestati
622 1008 824 1054 obnoxia,
848 1008 921 1047 sed
947 1015 1038 1047 nata
1065 1007 1345 1063 generationis
1364 1009 1766 1065 arcano,privilegi0

409 1080 704 1127 dominationis
723 1087 763 1119 et
785 1077 874 1131 inre
895 1078 1124 1133 potestatis.
1149 1077 1336 1133 Denique
1359 1080 1410 1119 de
1427 1080 1572 1119 eadem
1592 1079 1769 1136 Sapien-

409 1156 485 1202 tia,
512 1154 590 1194 lioc
608 1159 686 1197 est,
712 1148 762 1190 (le
779 1147 962 1188 Domino
980 1146 1098 1194 Jesu,
1129 1148 1225 1188 alibi
1243 1148 1366 1189 Pater
1382 1148 1483 1190 dicit
1506 1164 1514 1190 τ
1539 1167 1553 1187 (ι
1570 1149 1630 1191 Ex
1650 1159 1768 1192 utero

400 1250 414 1267 ‚›
432 1235 526 1269 ante
547 1221 769 1264 luciferum
793 1218 916 1274 genui
940 1217 1023 1259 te3.
1056 1235 1070 1256 ι

458 1291 699 1339 LXXXIX.
721 1289 846 1341 Quod
874 1288 1018 1344 utique
1048 1288 1147 1328 ideo
1175 1288 1302 1336 dixit,
1331 1303 1414 1329 non
1439 1297 1483 1329 ut
1505 1292 1768 1345 corporalem

400 1369 538 1410 alvum
567 1362 822 1405 declararet,
849 1359 921 1399 sed
955 1366 1000 1398 ut
1029 1357 1337 1414 proprietatem
1364 1374 1470 1400 verae
1488 1360 1766 1416 generationis

399 1436 650 1480 ostenderet.
681 1430 784 1471 Nam
809 1428 841 1469 si
865 1428 917 1468 ad
947 1429 1215 1484 corporalem
1240 1427 1417 1477 reseras,
1441 1444 1539 1486 crgo
1571 1429 1768 1486 omnipo-

402 1517 493 1549 tens
520 1505 642 1546 Pater
664 1515 761 1542 cum
785 1499 934 1539 dolore
960 1505 1001 1537 et
1027 1497 1305 1554 conceptione
1328 1498 1553 1553 generavit.
1582 1497 1664 1540 Sed
1693 1500 1768 1540 ab-

397 1578 466 1624 sit,
486 1583 532 1616 ut
548 1574 681 1615 Deum
701 1584 751 1610 ex
768 1566 1009 1608 infirmitate
1029 1567 1219 1623 corporis
1240 1568 1477 1609 metiamur.
1501 1568 1574 1610 Est
1591 1569 1764 1625 quidam

399 1656 544 1689 uterus
578 1651 760 1699 paternae
788 1652 996 1679 arcanum
1028 1636 1271 1677 substantiae
1291 1669 1301 1685 ,
1331 1636 1591 1693 interiusque
1623 1654 1765 1681 secre-

402 1726 514 1763 tum,
539 1712 653 1769 quod
675 1724 757 1751 non
785 1707 933 1764 Angeli
951 1739 962 1755 ,
987 1721 1072 1747 non
1098 1705 1377 1762 Archangeli,
1405 1722 1487 1747 non
1510 1707 1762 1758 potestates,

398 1802 483 1830 non
497 1780 832 1827 Dominationes‚
847 1792 929 1819 non
946 1778 1080 1833 aliqua
1094 1785 1380 1818 creaturarum
1397 1777 1531 1834 potnit
1545 1787 1764 1834 penetrare

407 1865 572 1898 natura.
613 1852 719 1893 Cum
749 1849 870 1891 Patre
893 1847 1004 1889 enim
1034 1861 1215 1903 semper,
1242 1855 1280 1888 et
1307 1847 1346 1887 in
1367 1847 1488 1888 Patre
1516 1863 1680 1905 semper
1702 1858 1765 1891 est

406 1925 536 1969 Filius
559 1940 567 1963 ε
589 1936 686 1963 cum
714 1919 836 1961 Patre
857 1932 931 1974 per
962 1916 1275 1958 distinctionem
1302 1916 1656 1959 indissociabilem
1676 1919 1765 1961 Tri-

408 1995 550 2039 nitatis
571 2001 737 2034 aeternae
755 2022 765 2038 ,
791 1989 830 2030 in
849 1989 970 2030 Patre
988 2003 1061 2044 per
1079 1987 1227 2028 ‹ln-inae
1253 1987 1455 2029 unitatem
1483 1997 1656 2030 natnrae.

467 2065 557 2109 XC.
599 2061 703 2114 Quis
731 2060 857 2117 igitur
890 2059 959 2100 hic
996 2059 1151 2100 arbiter
1181 2058 1444 2107 DivinitatiS‚
1473 2059 1542 2115 qui
1567 2060 1763 2102 discutiat

403 2140 571 2182 Patrem
596 2149 642 2175 ac
665 2132 817 2174 Filium
840 2145 848 2171 ε
877 2130 965 2178 ille,
991 2144 1118 2185 quare
1141 2129 1423 2185 generaverit:
1449 2129 1547 2178 iste,
1576 2144 1653 2171 cur
1674 2146 1761 2173 non

407 2201 688 2264 generaverit?
701 2201 921 2243 servulum
934 2215 1056 2241 snum
1070 2208 1138 2240 ant
1150 2199 1386 2251 ancillulam
1397 2214 1471 2240 cur
1481 2201 1757 2256 generaverit,

407 2291 533 2320 nemo
557 2274 811 2315 condemnat
834 2285 842 2311 :
866 2270 931 2311 isti
954 2270 1259 2316 condemnant,
1285 2284 1361 2310 cnr
1388 2284 1469 2310 non
1500 2272 1759 2326 generaverit

406 2338 625 2392 Clirist1153
655 2342 942 2384 condemnant
963 2341 1074 2381 enim
1099 2356 1171 2381 sua
1196 2339 1408 2396 opinione,
1425 2355 1520 2381 cum
1538 2342 1753 2398 derogant.
1782 2391 1784 2394 Ι

404 2419 491 2463 Nec
518 2413 768 2470 conjugibus
790 2412 899 2453 inter
916 2427 957 2452 se
979 2426 1054 2452 cur
1076 2426 1158 2452 non
1183 2411 1493 2467 generaverint,
1519 2419 1588 2452 aut
1617 2398 1786 2467 chari—l

404 2499 466 2532 tas
488 2485 709 2532 minuitur,
734 2490 804 2524 aut
822 2481 1018 2523 meritum
1042 2483 1268 2538 derogatur
1291 2496 1299 2522 :
1328 2481 1392 2522 isti
1416 2482 1511 2538 quia
1535 2496 1617 2523 non
1636 2473 1786 2542 gene-l

1776 2547 1782 2648 ἓ

1774 2715 1780 2743 l

401 2559 533 2606 ravit,
560 2553 715 2598 Christi
737 2552 935 2595 minuunt
951 2560 1215 2610 potestatem.

443 2660 453 2675 ι
475 2649 606 2684 Joau.1,
627 2656 673 2682 ιο,
689 2650 720 2678 et
737 2655 826 2687 seqq.
846 2662 883 2669 -
905 2652 917 2668 ⁸
935 2643 1139 2684 Eccli.xx1v‚
1160 2645 1191 2676 5.
1208 2662 1246 2669 -—
1263 2645 1276 2669 ³
1295 2644 1374 2678 Psal.
1394 2655 1458 2685 cix,
1475 2644 1507 2678 3,

1773 2805 1778 2842 l

1772 2855 1776 2900 i

1771 2909 1775 2924 1

1770 2975 1775 3003 l

1767 3201 1772 3225 ἕ

1769 3231 1772 3256 l
