1768 3283
365 301 446 342 236
902 319 930 344 s.
972 318 1162 347 ammom

360 393 495 436 »me¹.
523 412 539 432 »
566 393 671 435 Cum
697 394 737 434 in
763 394 824 435 via
848 409 938 435 snm
959 429 966 443 ‚
988 396 1141 437 Christi
1170 412 1261 449 sum
1285 414 1294 445 ;
1323 412 1420 439 cum
1451 413 1707 456 pervenero,

362 463 491 504 Patris
523 478 613 504 sum
646 477 655 505 ε
690 463 762 504 sed
793 463 949 520 ubique
977 480 1051 521 per
1085 465 1323 515 Christum,
1369 477 1411 509 et
1447 468 1604 524 ubique
1635 470 1711 511 suh

364 533 543 575 Christo,

423 603 521 645 CLI.
555 603 719 645 Bonum
745 611 805 644 ost
828 603 868 644 in
894 619 1021 660 regno
1042 605 1194 646 Christi
1221 621 1332 654 esse,
1362 616 1408 649 ut
1431 607 1619 656 Christus
1638 624 1715 651 no-

363 673 526 714 biscnm
546 672 613 717 sit.
634 672 846 729 sicutipse
864 674 919 714 ait
940 689 949 715 :
967 692 981 711 «
999 675 1108 716 Ecce
1125 691 1202 732 ego
1225 676 1442 719 vobiscum
1466 693 1557 719 sum
1584 695 1715 736 usque

364 760 379 781 n
396 744 446 784 ad
470 742 876 783 consummationem
901 743 1086 786 mundi2.
1115 763 1127 783 n
1151 744 1233 786 Sed
1258 747 1405 787 molius
1431 755 1601 789 estesse
1619 762 1715 791 cum

369 812 536 854 Christo
563 828 572 853 :
598 830 612 849 ιι
636 812 812 854 Dissolvi
836 813 947 855 enim
969 823 1010 856 et
1035 829 1130 856 cum
1157 814 1324 856 Christo
1357 831 1446 858 esse
1472 819 1605 859 multo
1628 833 1716 859 me-

369 881 517 924 »lius³.
543 901 556 921 n
580 882 685 923 Cum
710 883 749 923 in
768 883 848 924 hoc
871 885 1030 925 mundo
1053 885 1129 925 sub
1156 894 1330 940 peccato
1362 901 1507 928 sumus
1527 920 1537 936 ‚
1574 886 1718 929 Chris·

370 961 434 993 tus
457 952 677 993 nobiseum
703 961 786 1000 est;
808 962 853 994 nt
883 969 958 1010 per
979 954 1099 994 unius
1125 953 1409 996 obedientiam
1439 955 1538 1010 justi
1562 956 1720 997 eonsti-

370 1030 543 1063 tnantur
579 1020 739 1062 mult&
775 1022 826 1062 Et
860 1023 892 1063 si
923 1031 1145 1078 peccatam
1179 1023 1304 1079 hujus
1338 1025 1483 1065 mundi
1519 1039 1716 1074 evasero,

374 1091 569 1148 incipiam
587 1106 676 1132 esse
693 1106 789 1132 cum
810 1091 990 1132 Christo.
1014 1091 1203 1147 Denique
1224 1093 1278 1133 ait
1299 1108 1307 1133 ι
1325 1110 1340 1130 α
1358 1092 1531 1134 Veniam
1551 1094 1717 1142 iterum,

373 1170 442 1203 »et
481 1175 689 1202 assumam
718 1176 790 1202 vos
821 1162 872 1202 ad
907 1176 996 1209 me3
1020 1180 1035 1199 ν)
1067 1169 1108 1202 et
1134 1161 1266 1202 infra:
1295 1160 1434 1204 «Volo
1470 1171 1514 1203 ut
1545 1163 1615 1204 ubi
1646 1176 1722 1219 ego

374 1251 387 1271 n
404 1247 493 1273 sum
512 1265 520 1280 ,
547 1241 587 1273 et
610 1232 674 1273 isti
693 1231 774 1273 sint
793 1232 998 1273 mecumf’.
1027 1249 1042 1270 r»

435 1301 553 1343 CLII.
589 1302 699 1358 Ergo
732 1316 843 1342 nunc
870 1302 946 1342 sub
986 1317 1113 1358 regno
1154 1300 1309 1343 Christi
1344 1317 1513 1350 snmus,
1545 1304 1646 1344 dum
1682 1303 1723 1344 in

375 1387 550 1429 corpore
568 1378 801 1419 versamur,
823 1381 863 1412 et
884 1373 1071 1412 nondum
1090 1371 1222 1413 forma
1241 1372 1433 1412 exuimur
1448 1372 1572 1421 servi,
1599 1387 1722 1428 quam

374 1444 441 1484 ille
465 1458 560 1484 enm
584 1458 627 1484 se
648 1443 963 1491 exinanivisset,
991 1444 1152 1499 accepit
1171 1458 1179 1484 :
1200 1458 1296 1484 enm
1319 1458 1416 1485 vero
1439 1444 1613 1500 gloriam
1635 1443 1725 1500 ejus

376 1513 618 1560 viderimus,
640 1528 763 1568 quam
788 1513 934 1554 habuit
953 1514 1194 1570 prinsquam
1220 1514 1401 1554 mundns
1422 1523 1546 1561 esset,
1570 1515 1725 1556 erimus

377 1582 415 1623 in
449 1598 577 1638 regno
610 1583 706 1629 Dei,
745 1583 785 1623 in
821 1598 903 1639 quo
931 1583 1181 1624 patriarcha}
1211 1593 1309 1625 sunt
1336 1593 1377 1624 et
1401 1584 1619 1640 Propheta:
1638 1617 1648 1632 ‚
1677 1586 1726 1626 de

376 1654 528 1710 quibus
560 1654 762 1709 scriptum
797 1662 884 1694 est:
914 1671 926 1691 κ
949 1653 1054 1694 Cum
1088 1654 1275 1696 videritis
1294 1655 1506 1697 Abraham
1527 1689 1536 1703 ,
1556 1655 1670 1697 Isaac
1688 1664 1729 1698 ei.

377 1724 540 1765 »Jacob
556 1757 565 1771 ,
591 1732 632 1764 et
655 1738 799 1764 omnes
826 1723 1055 1780 Prophetas
1080 1724 1120 1765 in
1144 1740 1272 1781 regno
1291 1725 1388 1767 Dci⁰
1409 1742 1418 1773 ;
1441 1743 1455 1764 »
1478 1734 1523 1766 ut
1542 1725 1626 1782 jam
1646 1727 1729 1782 ple·

378 1795 495 1836 nim-e
518 1793 592 1834 Dei
610 1792 850 1848 cognitione
871 1793 1096 1848 potiamur.

439 1864 579 1905 CLIII.
618 1862 701 1904 Sed
727 1863 766 1903 in
790 1863 883 1903 Filii
906 1879 1035 1921 regno
1066 1873 1106 1905 et
1134 1865 1256 1908 Pater
1278 1874 1447 1922 regnat,
1472 1873 1514 1907 et
1537 1866 1575 1907 in
1601 1881 1729 1923 regno

380 1934 512 1975 Patris
536 1933 665 1974 Filius
688 1942 858 1988 regnat3
890 1933 984 1989 qnia
1018 1934 1139 1976 Pater
1166 1935 1206 1975 in
1230 1935 1354 1982 Filio,
1381 1944 1423 1976 ct
1450 1935 1490 1976 in
1518 1936 1641 1977 Patre
1659 1934 1730 1977 Fi·

381 2005 460 2045 lins
481 2019 489 2045 :
514 2012 554 2045 ct
578 2004 719 2059 inquo
743 2003 904 2044 habitat
927 2004 1078 2052 Filius,
1108 2005 1265 2046 habitat
1285 2013 1326 2046 et
1348 2006 1496 2053 Pater3
1519 2013 1561 2046 et
1584 2005 1625 2046 in
1649 2020 1730 2062 quo

382 2074 541 2116 habitat
571 2073 709 2121 Pater,
740 2073 902 2115 habitat
932 2082 972 2114 et
1002 2075 1155 2123 Filius,
1190 2075 1298 2116 sicut
1323 2075 1409 2131 ipse
1436 2075 1521 2116 ait:
1547 2091 1563 2114 α
1581 2075 1668 2130 Ego
1691 2083 1732 2117 et

383 2144 532 2185 »Pater
554 2145 605 2185 ad
627 2158 724 2183 eum
744 2143 982 2192 veniemus,
1009 2153 1050 2185 et
1074 2146 1185 2201 apud
1208 2159 1305 2186 eum
1328 2145 1589 2187 mansionem
1606 2145 1734 2187 sacie-
1766 2140 1768 2143 ¹

382 2234 395 2253 n
412 2230 502 2256 mus
522 2214 551 2256 ⁷.
579 2233 593 2253 »
624 2214 732 2270 Ergo
763 2214 871 2255 sient
899 2229 980 2255 una
1012 2216 1185 2263 domus,
1219 2215 1273 2256 ita
1303 2224 1344 2256 et
1373 2230 1504 2256 unum
1537 2231 1725 2272 regnum.
1766 2254 1768 2273 3

385 2286 444 2326 Eo
466 2300 598 2341 usqne
620 2294 759 2326 antem
784 2300 914 2325 unum
934 2285 1065 2326 Patris
1088 2294 1129 2326 et
1144 2285 1238 2326 Filii
1256 2301 1430 2342 regnum
1450 2294 1527 2333 est,
1554 2295 1599 2327 ut
1621 2287 1732 2341 quod
1766 2302 1768 2341 j

379 2354 508 2396 Filius
528 2354 667 2401 tradit,
691 2354 811 2395 Pater
840 2353 1045 2410 accipiat:
1073 2363 1114 2395 et
1132 2356 1244 2410 quod
1268 2356 1389 2396 Pater
1412 2356 1579 2411 accipit,
1605 2355 1733 2396 Filius
1766 2347 1768 2368 ³

382 2439 465 2466 non
504 2424 677 2465 amittat.
720 2424 827 2480 Ergo
858 2424 897 2464 in
936 2438 1020 2465 nno
1056 2439 1184 2480 regno
1213 2425 1350 2466 unitas
1392 2425 1609 2482 potestatis
1651 2432 1726 2466 est.

427 2545 435 2560 ¹
465 2537 560 2567 Joan.
587 2547 652 2571 xiv,
676 2536 709 2567 6.
740 2553 780 2559 —
806 2544 818 2557 ²
852 2536 968 2569 Manh.
998 2548 1112 2576 xxviii,
1134 2549 1182 2569 20.
1201 2556 1239 2562 ——
1261 2541 1272 2561 3
1293 2538 1410 2580 Philip.
1436 2549 1456 2574 ι,
1473 2539 1524 2568 25.
1544 2555 1582 2561 —
1605 2540 1615 2564 4
1636 2538 1733 2568 Rom.
1766 2530 1768 2542 ¹

378 2601 533 2632 v,19.—
549 2592 562 2614 ⁵
582 2591 758 2629 Joan.x1v,
776 2590 807 2620 3.
824 2609 860 2614 —
885 2594 895 2612 5
919 2590 1077 2631 1d<xvn,
1107 2592 1158 2630 24.
1187 2611 1221 2617 -
1243 2596 1256 2613 ‘³
1276 2594 1355 2625 Luc.
1379 2603 1448 2630 xm,
1470 2591 1522 2624 28.
1541 2609 1580 2616 —
1600 2598 1610 2621 7
1632 2591 1731 2626 Joan.
1767 2595 1768 2634 ᾖ

378 2655 446 2682 mv,
467 2644 518 2675 23.
