1768 3283
351 283 433 324 258
895 297 925 324 s,
968 296 1157 323 AMBRosu

349 376 468 424 iatis;
499 389 596 416 cum
621 381 804 430 potestas
825 388 874 415 ex
895 373 1096 429 sapientia
1118 380 1159 414 et
1176 371 1330 415 virtute
1347 372 1556 430 gignatur,
1582 374 1696 430 quod

350 454 578 500 utrumque
596 443 786 485 Christus
805 452 882 484 est.

409 515 588 558 CCXIV.
627 512 711 554 Sed
729 512 913 567 quaeritis
927 527 1006 568 qua
1027 526 1150 554 causa
1164 527 1246 554 non
1264 513 1319 555 ita
1335 513 1559 570 Discipulis
1572 529 1697 571 nega·
1752 519 1755 532 '

350 585 478 633 verit,
503 583 619 640 quasi
653 581 779 623 sciret
813 590 854 623 et
890 583 1020 623 nollet
1042 582 1182 624 dicere
1203 597 1211 624 :
1237 584 1309 624 sed
1331 598 1469 639 neque
1487 583 1669 640 Angelos
1687 615 1698 631 ,
1752 571 1757 626 ι,

350 669 487 711 nequo
525 653 676 695 Filium
709 650 816 692 scire
847 652 1143 693 memoraverit
1162 650 1210 692 Ῥ
1247 652 1521 708 Interrogabo
1557 667 1629 694 vos
1660 659 1701 693 et
1754 657 1757 694 ἶ

350 741 443 782 egO,
460 738 536 780 qua
557 737 680 764 causa
705 721 744 762 in
769 720 921 763 Genesi
939 722 1050 763 Deus
1069 722 1181 764 dicat
1202 737 1211 763 τ
1229 740 1244 760 «
1261 722 1523 765 Descendam
1544 722 1700 778 itaque,
1754 720 1757 761 2

352 804 428 837 »ut
457 794 621 837 videam
658 792 892 833 secundum
925 793 1153 834 clamorem
1184 792 1351 835 illorum
1380 793 1617 836 venientem
1649 793 1701 835 ad

352 887 367 907 »
381 882 471 914 me,
496 864 528 907 si
546 863 987 906 consummabuntur:
1014 863 1076 905 sin
1102 872 1264 911 autem,
1292 872 1339 906 ut
1365 863 1520 906 sciam²
1538 863 1583 904 P»
1606 863 1703 914 Qua
1754 854 1759 899 ἕ

352 953 477 980 causa
503 935 629 977 etiam
662 934 879 992 Scriptura
907 936 958 976 de
987 934 1170 976 Domino
1202 936 1343 977 dicat:
1371 935 1456 976 «Et
1489 933 1706 977 descendit

354 1007 589 1050 »Dominus
612 1005 755 1047 videre
790 1005 1001 1047 civitatem
1027 1013 1068 1046 et
1091 1006 1264 1054 turrim,
1298 1020 1423 1061 quam
1450 1004 1708 1047 aedificarent

353 1078 477 1120 »Filii
506 1073 821 1118 homin11m³i³»
842 1076 935 1125 Qua
967 1091 1089 1117 causa
1123 1076 1249 1118 etiam
1281 1076 1393 1118 dicat
1425 1076 1634 1132 Propheta
1665 1074 1708 1116 in
1756 1073 1761 1113 i

354 1147 556 1192 Psaltorio
579 1160 588 1188 ε
620 1164 634 1183 «
658 1145 866 1187 Dominus
893 1146 1075 1202 respexit
1104 1161 1232 1203 super
1260 1144 1367 1187 filios
1397 1145 1646 1193 hominum,
1676 1143 1709 1185 si

357 1226 448 1260 »est
469 1216 728 1273 intelligens,
754 1228 824 1256 aut
851 1216 1067 1271 requirens
1096 1214 1286 1263 Deun1⁶3
1307 1234 1322 1254 »
1347 1215 1463 1271 quasi
1485 1222 1528 1256 et
1557 1214 1642 1256 illic
1677 1212 1710 1254 si
1758 1209 1762 1217 λ

357 1304 440 1329 non
460 1287 738 1329 descenderet
755 1286 883 1334 Deus,
904 1293 943 1328 et
965 1285 1034 1327 hie
1053 1285 1086 1327 si
1104 1301 1189 1327 non
1208 1285 1468 1342 prospiceret
1485 1284 1708 1332 Dominus,

360 1366 430 1400 aut
456 1372 582 1414 opera
604 1356 859 1399 hominum
850 1364 1061 1411 151101aret
1085 1365 1156 1397 aut
1177 1354 1363 1397 merita?

417 1426 578 1470 CCXV.
618 1426 701 1468 Sed
723 1426 849 1467 etiam
884 1427 925 1467 in
953 1426 1176 1484 Evangelio
1205 1426 1334 1468 habes
1360 1425 1596 1467 secundum
1627 1423 1713 1466 Lu·
1766 1418 1768 1463 ἶ

360 1513 476 1548 cam,
516 1497 611 1554 quia
649 1497 771 1539 Pater
804 1496 932 1538 dicit.
971 1497 1126 1549 «Quid
1158 1496 1341 1539 faciam?
1376 1496 1542 1539 mittam
1579 1494 1714 1537 filium

360 1591 376 1611 ι»
392 1563 532 1614 meum
557 1567 873 1610 dilectissimum
890 1599 901 1615 ,
925 1567 1099 1609 forsitan
1123 1567 1236 1609 hunc
1260 1568 1524 1608 verebuntur
1540 1566 1570 1608 ⁵.
1597 1583 1613 1606 n
1637 1565 1714 1607 Se-

363 1642 550 1685 cundum
573 1639 815 1682 Matthaeum
840 1647 1004 1689 autem,
1023 1647 1064 1680 et
1087 1640 1320 1680 secundum
1345 1638 1532 1680 Marcum
1558 1637 1713 1679 habes:

375 1710 619 1763 «Quoniam
642 1709 755 1750 misit
773 1708 945 1750 unicum
967 1707 1101 1749 filium
1123 1723 1246 1750 suum
1261 1742 1271 1756 ,
1297 1708 1441 1750 dicens
1462 1721 1472 1748 ε
1497 1707 1719 1748 Verebun·

366 1803 381 1823 n
399 1792 465 1825 tur
487 1782 617 1823 filium
636 1779 820 1822 meum⁶.
844 1798 859 1819 ι)
884 1780 930 1820 In
952 1795 1035 1820 uno
1058 1780 1165 1820 libro
1189 1779 1290 1821 dicit
1310 1794 1319 1821 :
1345 1796 1359 1817 «
1379 1778 1572 1821 Forsitan
1596 1793 1719 1820 vere-

367 1871 381 1893 2
398 1854 570 1899 buntur,
592 1870 606 1891 n
630 1859 672 1892 et
697 1850 812 1907 quasi
831 1850 1023 1892 nesciens
1048 1850 1239 1898 dubitat‚·
1265 1864 1360 1890 nam
1381 1848 1452 1891 hic
1479 1863 1616 1890 sermo
1639 1849 1720 1890 du-

367 1922 540 1964 bitantis
563 1929 655 1963 est:
681 1921 721 1962 in
747 1921 911 1962 duobus
943 1929 1080 1962 autem
1107 1920 1194 1962 aliis
1221 1919 1367 1962 libris:
1392 1937 1407 1959 »
1436 1919 1719 1966 Verebantur,

371 2012 384 2031 a
401 1991 558 2048 inquit,
583 1990 716 2035 fitium
740 2005 904 2040 merum
924 2010 939 2029 »
965 1991 1046 2032 hoc
1077 1998 1162 2042 est,
1193 1988 1419 2032 confirmat
1442 1987 1722 2031 reverentiam

374 2061 660 2104 deferendam.

435 2131 625 2174 CCXVI.
663 2131 747 2174 Sed
768 2146 906 2187 neque
929 2131 1123 2173 dubitare
1140 2131 1215 2173 Dei
1238 2139 1324 2178 est,
1349 2144 1484 2185 neque
1500 2127 1584 2170 falli
1606 2143 1617 2175 ;
1644 2128 1723 2169 du·

376 2202 482 2244 bitat
498 2202 608 2243 enim
623 2233 633 2249 ,
660 2202 728 2257 qui
752 2201 918 2258 ignorat
939 2202 1052 2257 quod
1071 2201 1258 2242 futurum
1281 2207 1369 2241 est:
1390 2198 1548 2240 fallitur
1565 2205 1722 2245 autem,

374 2273 445 2329 qui
478 2272 591 2313 aliud
623 2272 816 2330 praedixit
836 2304 846 2320 ,
887 2280 928 2313 ct
960 2272 1072 2313 aliud
1108 2280 1170 2313 est
1205 2279 1411 2312 secutum.
1440 2268 1555 2320 Quid
1587 2276 1726 2310 autem

376 2341 612 2383 evidentius
631 2376 640 2390 ,
683 2357 806 2399 quam
845 2343 959 2398 quod
1001 2341 1217 2398 Scriptura
1255 2340 1381 2382 habet
1416 2339 1529 2380 aliud
1559 2338 1727 2381 Patrem

377 2411 527 2453 dixisse
549 2413 600 2453 de
622 2411 727 2465 Filio
745 2443 754 2459 ,
784 2420 831 2453 et·
849 2411 962 2453 aliud
990 2411 1189 2453 accidisse
1222 2411 1370 2452 eadem
1405 2409 1620 2466 Scriptura
1651 2417 1726 2450 tes-

375 2483 518 2525 tatur?
554 2483 628 2525 Ille
663 2482 766 2524 dixit
798 2497 807 2523 :
846 2500 860 2521 «
895 2482 1167 2525 Verebantur
1198 2481 1333 2523 filium
1370 2495 1540 2523 meum:
1561 2498 1576 2518 »
1597 2479 1727 2522 Filius

423 2598 431 2612 ι
454 2587 555 2619 Marc.
571 2597 645 2624 xm,
661 2585 716 2617 32.
740 2603 781 2610 —-
796 2595 807 2609 ²
825 2586 908 2617 Gen.
928 2595 1021 2620 xvm,
1039 2593 1091 2616 ιιι.
1106 2602 1145 2608 -
1165 2585 1179 2607 ³
1204 2583 1255 2615 Id.
1273 2581 1316 2621 x'1,
1336 2584 1366 2615 5.
1381 2601 1419 2609 -
1438 2584 1449 2611 4
1469 2581 1549 2617 Psal.
1566 2592 1624 2624 nu,
1638 2583 1672 2620 3.
1688 2598 1728 2630 -7

374 2646 387 2668 ⁵
404 2645 480 2677 Luc.
499 2652 551 2680 xx,
571 2640 621 2674 ιδ.
638 2658 677 2664 -
695 2641 709 2664 ὅ
727 2639 845 2673 Mauh.
867 2651 936 2681 xxi,
955 2639 1007 2682 57,
1022 2644 1055 2673 et
1072 2639 1177 2673 Marc.
1192 2649 1248 2678 xu,
1266 2637 1302 2681 δε
