<?xml version="1.0" encoding="UTF-8"?>
<!DOCTYPE html PUBLIC "-//W3C//DTD XHTML 1.0 Transitional//EN"
    "http://www.w3.org/TR/xhtml1/DTD/xhtml1-transitional.dtd">
<html xmlns="http://www.w3.org/1999/xhtml" xml:lang="en" lang="en">
 <head>
  <title>
</title>
<meta http-equiv="Content-Type" content="text/html;charset=utf-8" />
  <meta name='ocr-system' content='tesseract 3.04.00' />
  <meta name='ocr-capabilities' content='ocr_page ocr_carea ocr_par ocr_line ocrx_word'/>
</head>
<body>
  <div class='ocr_page' id='page_1' title='image "./omniaequaeextant06ambruoft_0363.png"; bbox 0 0 1768 3283; ppageno 0'>
   <div class='ocr_carea' id='block_1_1' title="bbox 376 265 1387 316">
    <p class='ocr_par' dir='ltr' id='par_1_1' title="bbox 376 265 1387 316">
     <span class='ocr_line' id='line_1_1' title="bbox 376 265 1387 316; baseline -0.005 -10"><span class='ocrx_word' id='word_1_1' title='bbox 376 280 427 306; x_wconf 71' lang='lat' dir='ltr'>DE</span> <span class='ocrx_word' id='word_1_2' title='bbox 461 277 620 305; x_wconf 69' lang='lat' dir='ltr'>srmm‘u</span> <span class='ocrx_word' id='word_1_3' title='bbox 655 279 831 311; x_wconf 58' lang='lat' dir='ltr'>smero,</span> <span class='ocrx_word' id='word_1_4' title='bbox 868 279 944 305; x_wconf 74' lang='lat' dir='ltr'>Lm.</span> <span class='ocrx_word' id='word_1_5' title='bbox 987 276 1029 304; x_wconf 85' lang='lat' dir='ltr'>n.</span> <span class='ocrx_word' id='word_1_6' title='bbox 1306 265 1387 316; x_wconf 73' lang='lat'>,345</span> 
     </span>
    </p>
   </div>
   <div class='ocr_carea' id='block_1_2' title="bbox 44 353 1439 2570">
    <p class='ocr_par' dir='ltr' id='par_1_2' title="bbox 44 353 1404 1250">
     <span class='ocr_line' id='line_1_2' title="bbox 48 353 1390 412; baseline -0.001 -14"><span class='ocrx_word' id='word_1_7' title='bbox 48 358 128 398; x_wconf 78' lang='lat' dir='ltr'>tale</span> <span class='ocrx_word' id='word_1_8' title='bbox 152 356 308 412; x_wconf 90' lang='lat' dir='ltr'>aliquid</span> <span class='ocrx_word' id='word_1_9' title='bbox 329 356 598 402; x_wconf 75' lang='lat' dir='ltr'>aestiineums,</span> <span class='ocrx_word' id='word_1_10' title='bbox 623 368 750 410; x_wconf 88' lang='lat' dir='ltr'>quem</span> <span class='ocrx_word' id='word_1_11' title='bbox 781 353 857 410; x_wconf 85' lang='lat' dir='ltr'>ipsi</span> <span class='ocrx_word' id='word_1_12' title='bbox 874 353 990 410; x_wconf 87' lang='lat' dir='ltr'>impii</span> <span class='ocrx_word' id='word_1_13' title='bbox 1014 360 1109 395; x_wconf 80' lang='lat' dir='ltr'>ante</span> <span class='ocrx_word' id='word_1_14' title='bbox 1131 355 1278 395; x_wconf 75' lang='lat' dir='ltr'>saeeula</span> <span class='ocrx_word' id='word_1_15' title='bbox 1301 370 1390 397; x_wconf 83' lang='lat' dir='ltr'>esse</span> 
     </span>
     <span class='ocr_line' id='line_1_3' title="bbox 44 425 1388 482; baseline -0.002 -14"><span class='ocrx_word' id='word_1_16' title='bbox 44 441 194 482; x_wconf 84' lang='lat' dir='ltr'>negare</span> <span class='ocrx_word' id='word_1_17' title='bbox 210 441 293 467; x_wconf 88' lang='lat' dir='ltr'>non</span> <span class='ocrx_word' id='word_1_18' title='bbox 310 433 506 482; x_wconf 84' lang='lat' dir='ltr'>possunt3</span> <span class='ocrx_word' id='word_1_19' title='bbox 534 425 644 465; x_wconf 85' lang='lat' dir='ltr'>unde</span> <span class='ocrx_word' id='word_1_20' title='bbox 663 432 702 465; x_wconf 84' lang='lat' dir='ltr'>et</span> <span class='ocrx_word' id='word_1_21' title='bbox 732 438 897 480; x_wconf 80' lang='lat' dir='ltr'><strong>semper</strong></span> <span class='ocrx_word' id='word_1_22' title='bbox 921 438 1017 465; x_wconf 88' lang='lat' dir='ltr'>eum</span> <span class='ocrx_word' id='word_1_23' title='bbox 1035 438 1140 472; x_wconf 86' lang='lat' dir='ltr'>esse,</span> <span class='ocrx_word' id='word_1_24' title='bbox 1165 431 1206 471; x_wconf 87' lang='lat' dir='ltr'>et</span> <span class='ocrx_word' id='word_1_25' title='bbox 1223 439 1388 481; x_wconf 84' lang='lat' dir='ltr'>semper</span> 
     </span>
     <span class='ocr_line' id='line_1_4' title="bbox 47 493 1392 552; baseline -0.003 -15"><span class='ocrx_word' id='word_1_26' title='bbox 47 510 218 537; x_wconf 87' lang='lat' dir='ltr'>manere</span> <span class='ocrx_word' id='word_1_27' title='bbox 263 496 328 552; x_wconf 83' lang='lat' dir='ltr'>pia</span> <span class='ocrx_word' id='word_1_28' title='bbox 368 495 593 537; x_wconf 80' lang='lat' dir='ltr'>assertione</span> <span class='ocrx_word' id='word_1_29' title='bbox 627 503 840 536; x_wconf 83' lang='lat' dir='ltr'>testamur.</span> <span class='ocrx_word' id='word_1_30' title='bbox 883 493 1025 550; x_wconf 86' lang='lat' dir='ltr'>Neque</span> <span class='ocrx_word' id='word_1_31' title='bbox 1055 493 1164 534; x_wconf 83' lang='lat' dir='ltr'>enim</span> <span class='ocrx_word' id='word_1_32' title='bbox 1199 493 1269 549; x_wconf 91' lang='lat' dir='ltr'>qui</span> <span class='ocrx_word' id='word_1_33' title='bbox 1297 501 1392 534; x_wconf 84' lang='lat' dir='ltr'>ante</span> 
     </span>
     <span class='ocr_line' id='line_1_5' title="bbox 47 562 1392 621; baseline -0.003 -15"><span class='ocrx_word' id='word_1_34' title='bbox 47 566 255 606; x_wconf 87' lang='lat' dir='ltr'>mundum</span> <span class='ocrx_word' id='word_1_35' title='bbox 279 565 620 621; x_wconf 80' lang='lat' dir='ltr'>superferebatur</span> <span class='ocrx_word' id='word_1_36' title='bbox 647 579 771 620; x_wconf 88' lang='lat' dir='ltr'>super</span> <span class='ocrx_word' id='word_1_37' title='bbox 804 565 970 619; x_wconf 78' lang='lat' dir='ltr'>aquas&#39;,</span> <span class='ocrx_word' id='word_1_38' title='bbox 995 572 1131 619; x_wconf 83' lang='lat' dir='ltr'>potest</span> <span class='ocrx_word' id='word_1_39' title='bbox 1153 562 1281 604; x_wconf 87' lang='lat' dir='ltr'>videri</span> <span class='ocrx_word' id='word_1_40' title='bbox 1305 577 1392 603; x_wconf 83' lang='lat' dir='ltr'>coe-</span> 
     </span>
     <span class='ocr_line' id='line_1_6' title="bbox 48 632 1394 692; baseline -0.002 -17"><span class='ocrx_word' id='word_1_41' title='bbox 48 635 157 692; x_wconf 86' lang='lat' dir='ltr'>pisse</span> <span class='ocrx_word' id='word_1_42' title='bbox 194 643 285 691; x_wconf 83' lang='lat' dir='ltr'>post</span> <span class='ocrx_word' id='word_1_43' title='bbox 322 636 528 676; x_wconf 85' lang='lat' dir='ltr'>mundum</span> <span class='ocrx_word' id='word_1_44' title='bbox 567 649 576 675; x_wconf 78' lang='grc' dir='ltr'>ε</span> <span class='ocrx_word' id='word_1_45' title='bbox 613 642 681 675; x_wconf 79' lang='lat' dir='ltr'>aut</span> <span class='ocrx_word' id='word_1_46' title='bbox 712 634 864 674; x_wconf 85' lang='lat' dir='ltr'>multos</span> <span class='ocrx_word' id='word_1_47' title='bbox 902 648 992 674; x_wconf 83' lang='lat' dir='ltr'>esse</span> <span class='ocrx_word' id='word_1_48' title='bbox 1026 632 1204 688; x_wconf 83' lang='lat' dir='ltr'>Spiritus</span> <span class='ocrx_word' id='word_1_49' title='bbox 1229 641 1394 673; x_wconf 83' lang='lat' dir='ltr'>sanctos</span> 
     </span>
     <span class='ocr_line' id='line_1_7' title="bbox 49 703 1397 759; baseline -0.003 -13"><span class='ocrx_word' id='word_1_50' title='bbox 49 705 243 746; x_wconf 82' lang='lat' dir='ltr'>aestimari</span> <span class='ocrx_word' id='word_1_51' title='bbox 276 704 333 745; x_wconf 80' lang='lat' dir='ltr'>fas</span> <span class='ocrx_word' id='word_1_52' title='bbox 366 712 445 752; x_wconf 81' lang='lat' dir='ltr'>est,</span> <span class='ocrx_word' id='word_1_53' title='bbox 473 703 542 759; x_wconf 89' lang='lat' dir='ltr'>qui</span> <span class='ocrx_word' id='word_1_54' title='bbox 565 704 691 745; x_wconf 84' lang='lat' dir='ltr'>veluti</span> <span class='ocrx_word' id='word_1_55' title='bbox 715 703 955 758; x_wconf 85' lang='lat' dir='ltr'>quotidiana</span> <span class='ocrx_word' id='word_1_56' title='bbox 982 703 1251 759; x_wconf 80' lang='lat' dir='ltr'>generatione</span> <span class='ocrx_word' id='word_1_57' title='bbox 1272 717 1397 758; x_wconf 83' lang='lat' dir='ltr'>gene-</span> 
     </span>
     <span class='ocr_line' id='line_1_8' title="bbox 50 770 1395 828; baseline -0.001 -13"><span class='ocrx_word' id='word_1_58' title='bbox 50 783 206 815; x_wconf 77' lang='lat' dir='ltr'>rentur.</span> <span class='ocrx_word' id='word_1_59' title='bbox 239 773 358 815; x_wconf 75' lang='lat' dir='ltr'>Absit</span> <span class='ocrx_word' id='word_1_60' title='bbox 387 781 430 814; x_wconf 82' lang='lat' dir='ltr'>ut</span> <span class='ocrx_word' id='word_1_61' title='bbox 461 788 503 814; x_wconf 88' lang='lat' dir='ltr'>se</span> <span class='ocrx_word' id='word_1_62' title='bbox 533 773 751 828; x_wconf 83' lang='lat' dir='ltr'>quisquam</span> <span class='ocrx_word' id='word_1_63' title='bbox 779 773 847 814; x_wconf 82' lang='lat' dir='ltr'>tati</span> <span class='ocrx_word' id='word_1_64' title='bbox 874 773 1084 828; x_wconf 84' lang='lat' dir='ltr'>impietate</span> <span class='ocrx_word' id='word_1_65' title='bbox 1115 770 1395 819; x_wconf 56' lang='lat' dir='ltr'>contaminem</span> 
     </span>
     <span class='ocr_line' id='line_1_9' title="bbox 53 842 1400 898; baseline -0.001 -14"><span class='ocrx_word' id='word_1_66' title='bbox 53 852 98 884; x_wconf 85' lang='lat' dir='ltr'>ut</span> <span class='ocrx_word' id='word_1_67' title='bbox 122 843 231 884; x_wconf 85' lang='lat' dir='ltr'>dicat</span> <span class='ocrx_word' id='word_1_68' title='bbox 258 842 494 898; x_wconf 59' lang='lat' dir='ltr'>frequenter</span> <span class='ocrx_word' id='word_1_69' title='bbox 528 843 685 890; x_wconf 87' lang='lat' dir='ltr'>creari,</span> <span class='ocrx_word' id='word_1_70' title='bbox 713 851 788 891; x_wconf 15' lang='lat' dir='ltr'>‘aut</span> <span class='ocrx_word' id='word_1_71' title='bbox 821 857 1002 898; x_wconf 87' lang='lat' dir='ltr'>unquam</span> <span class='ocrx_word' id='word_1_72' title='bbox 1034 843 1166 884; x_wconf 78' lang='lat' dir='ltr'>creari</span> <span class='ocrx_word' id='word_1_73' title='bbox 1198 842 1400 898; x_wconf 89' lang='lat' dir='ltr'>Spiritum</span> 
     </span>
     <span class='ocr_line' id='line_1_10' title="bbox 51 904 1400 969; baseline -0.001 -15"><span class='ocrx_word' id='word_1_74' title='bbox 51 922 255 955; x_wconf 87' lang='lat' dir='ltr'>sanetum.</span> <span class='ocrx_word' id='word_1_75' title='bbox 284 914 369 954; x_wconf 79' lang='lat' dir='ltr'>Cur</span> <span class='ocrx_word' id='word_1_76' title='bbox 394 913 505 954; x_wconf 86' lang='lat' dir='ltr'>enim</span> <span class='ocrx_word' id='word_1_77' title='bbox 533 904 775 969; x_wconf 85' lang='lat' dir='ltr'>frequenter</span> <span class='ocrx_word' id='word_1_78' title='bbox 794 913 925 954; x_wconf 87' lang='lat' dir='ltr'>creari</span> <span class='ocrx_word' id='word_1_79' title='bbox 950 913 1152 960; x_wconf 84' lang='lat' dir='ltr'>videatur,</span> <span class='ocrx_word' id='word_1_80' title='bbox 1181 928 1263 953; x_wconf 91' lang='lat' dir='ltr'>non</span> <span class='ocrx_word' id='word_1_81' title='bbox 1284 912 1400 953; x_wconf 80' lang='lat' dir='ltr'>intel-</span> 
     </span>
     <span class='ocr_line' id='line_1_11' title="bbox 51 982 1404 1040; baseline -0.002 -15"><span class='ocrx_word' id='word_1_82' title='bbox 51 984 164 1040; x_wconf 76' lang='lat' dir='ltr'>lig03</span> <span class='ocrx_word' id='word_1_83' title='bbox 207 984 281 1024; x_wconf 80' lang='lat' dir='ltr'>nisi</span> <span class='ocrx_word' id='word_1_84' title='bbox 320 984 427 1024; x_wconf 83' lang='lat' dir='ltr'>sorte</span> <span class='ocrx_word' id='word_1_85' title='bbox 454 992 495 1024; x_wconf 84' lang='lat' dir='ltr'>et</span> <span class='ocrx_word' id='word_1_86' title='bbox 529 984 633 1023; x_wconf 83' lang='lat' dir='ltr'>mori</span> <span class='ocrx_word' id='word_1_87' title='bbox 664 998 759 1024; x_wconf 86' lang='lat' dir='ltr'>eum</span> <span class='ocrx_word' id='word_1_88' title='bbox 794 984 966 1024; x_wconf 84' lang='lat' dir='ltr'>credant</span> <span class='ocrx_word' id='word_1_89' title='bbox 990 983 1243 1038; x_wconf 73' lang='lat' dir='ltr'>frequenter,</span> <span class='ocrx_word' id='word_1_90' title='bbox 1264 990 1305 1022; x_wconf 84' lang='lat' dir='ltr'>et</span> <span class='ocrx_word' id='word_1_91' title='bbox 1326 982 1404 1023; x_wconf 85' lang='lat' dir='ltr'>sre-</span> 
     </span>
     <span class='ocr_line' id='line_1_12' title="bbox 54 1051 1401 1109; baseline -0.002 -16"><span class='ocrx_word' id='word_1_92' title='bbox 54 1061 230 1109; x_wconf 89' lang='lat' dir='ltr'>quenter</span> <span class='ocrx_word' id='word_1_93' title='bbox 254 1054 399 1096; x_wconf 81' lang='lat' dir='ltr'>creari.</span> <span class='ocrx_word' id='word_1_94' title='bbox 436 1053 519 1095; x_wconf 86' lang='lat' dir='ltr'>Sed</span> <span class='ocrx_word' id='word_1_95' title='bbox 549 1055 907 1109; x_wconf 70' lang='lat' dir='ltr'>quemadmodum</span> <span class='ocrx_word' id='word_1_96' title='bbox 934 1053 1037 1093; x_wconf 90' lang='lat' dir='ltr'>mori</span> <span class='ocrx_word' id='word_1_97' title='bbox 1064 1061 1199 1109; x_wconf 77' lang='lat' dir='ltr'>potest</span> <span class='ocrx_word' id='word_1_98' title='bbox 1223 1051 1401 1108; x_wconf 79' lang='lat' dir='ltr'>Spiritus</span> 
     </span>
     <span class='ocr_line' id='line_1_13' title="bbox 55 1122 1404 1181; baseline -0.002 -17"><span class='ocrx_word' id='word_1_99' title='bbox 55 1123 183 1164; x_wconf 67' lang='lat' dir='ltr'>vitaei‘</span> <span class='ocrx_word' id='word_1_100' title='bbox 221 1124 326 1180; x_wconf 79' lang='lat' dir='ltr'>Ergo</span> <span class='ocrx_word' id='word_1_101' title='bbox 366 1124 397 1165; x_wconf 86' lang='lat' dir='ltr'>si</span> <span class='ocrx_word' id='word_1_102' title='bbox 432 1125 538 1164; x_wconf 86' lang='lat' dir='ltr'>mori</span> <span class='ocrx_word' id='word_1_103' title='bbox 571 1140 654 1165; x_wconf 88' lang='lat' dir='ltr'>non</span> <span class='ocrx_word' id='word_1_104' title='bbox 689 1132 847 1181; x_wconf 78' lang='lat' dir='ltr'>potest,</span> <span class='ocrx_word' id='word_1_105' title='bbox 878 1138 1044 1165; x_wconf 83' lang='lat' dir='ltr'>causam</span> <span class='ocrx_word' id='word_1_106' title='bbox 1071 1137 1152 1162; x_wconf 91' lang='lat' dir='ltr'>non</span> <span class='ocrx_word' id='word_1_107' title='bbox 1179 1122 1303 1164; x_wconf 85' lang='lat' dir='ltr'>habet</span> <span class='ocrx_word' id='word_1_108' title='bbox 1328 1136 1404 1164; x_wconf 88' lang='lat' dir='ltr'>cur</span> 
     </span>
     <span class='ocr_line' id='line_1_14' title="bbox 55 1193 516 1250; baseline 0 -16"><span class='ocrx_word' id='word_1_109' title='bbox 55 1193 204 1250; x_wconf 80' lang='lat' dir='ltr'>saepius</span> <span class='ocrx_word' id='word_1_110' title='bbox 227 1194 277 1235; x_wconf 87' lang='lat' dir='ltr'>sit</span> <span class='ocrx_word' id='word_1_111' title='bbox 300 1196 516 1235; x_wconf 81' lang='lat' dir='ltr'>creandus.</span> 
     </span>
    </p>

    <p class='ocr_par' dir='ltr' id='par_1_3' title="bbox 58 1264 1414 1744">
     <span class='ocr_line' id='line_1_15' title="bbox 115 1264 1405 1322; baseline -0.001 -17"><span class='ocrx_word' id='word_1_112' title='bbox 115 1264 220 1306; x_wconf 84' lang='lat' dir='ltr'><strong>LIII.</strong></span> <span class='ocrx_word' id='word_1_113' title='bbox 245 1265 384 1320; x_wconf 85' lang='lat' dir='ltr'>Atqui</span> <span class='ocrx_word' id='word_1_114' title='bbox 405 1266 522 1306; x_wconf 83' lang='lat' dir='ltr'>aliter</span> <span class='ocrx_word' id='word_1_115' title='bbox 542 1274 705 1322; x_wconf 87' lang='lat' dir='ltr'>putant,</span> <span class='ocrx_word' id='word_1_116' title='bbox 728 1266 767 1306; x_wconf 89' lang='lat' dir='ltr'>in</span> <span class='ocrx_word' id='word_1_117' title='bbox 789 1266 888 1306; x_wconf 80' lang='lat' dir='ltr'>iliud</span> <span class='ocrx_word' id='word_1_118' title='bbox 907 1266 1169 1322; x_wconf 83' lang='lat' dir='ltr'>sacrilegium</span> <span class='ocrx_word' id='word_1_119' title='bbox 1195 1265 1405 1312; x_wconf 88' lang='lat' dir='ltr'>recidunt,</span> 
     </span>
     <span class='ocr_line' id='line_1_16' title="bbox 58 1334 1409 1392; baseline 0 -18"><span class='ocrx_word' id='word_1_120' title='bbox 58 1342 103 1375; x_wconf 87' lang='lat' dir='ltr'>ut</span> <span class='ocrx_word' id='word_1_121' title='bbox 139 1349 221 1374; x_wconf 88' lang='lat' dir='ltr'>non</span> <span class='ocrx_word' id='word_1_122' title='bbox 259 1334 515 1391; x_wconf 78' lang='lat' dir='ltr'>distinguant</span> <span class='ocrx_word' id='word_1_123' title='bbox 551 1336 750 1392; x_wconf 84' lang='lat' dir='ltr'>Spiritum</span> <span class='ocrx_word' id='word_1_124' title='bbox 791 1344 1012 1383; x_wconf 82' lang='lat' dir='ltr'>sanctum,</span> <span class='ocrx_word' id='word_1_125' title='bbox 1052 1336 1120 1392; x_wconf 86' lang='lat' dir='ltr'>qui</span> <span class='ocrx_word' id='word_1_126' title='bbox 1162 1334 1409 1391; x_wconf 77' lang='lat' dir='ltr'>prolativum</span> 
     </span>
     <span class='ocr_line' id='line_1_17' title="bbox 64 1404 1413 1462; baseline 0 -16"><span class='ocrx_word' id='word_1_127' title='bbox 64 1404 248 1446; x_wconf 78' lang='lat' dir='ltr'>Verbum</span> <span class='ocrx_word' id='word_1_128' title='bbox 270 1413 418 1461; x_wconf 83' lang='lat' dir='ltr'>putant</span> <span class='ocrx_word' id='word_1_129' title='bbox 437 1406 474 1446; x_wconf 89' lang='lat' dir='ltr'>in</span> <span class='ocrx_word' id='word_1_130' title='bbox 499 1407 662 1448; x_wconf 81' lang='lat' dir='ltr'>Patrem</span> <span class='ocrx_word' id='word_1_131' title='bbox 683 1407 844 1454; x_wconf 79' lang='lat' dir='ltr'>redire3</span> <span class='ocrx_word' id='word_1_132' title='bbox 872 1407 1125 1462; x_wconf 78' lang='lat' dir='ltr'>prolativum</span> <span class='ocrx_word' id='word_1_133' title='bbox 1150 1406 1349 1461; x_wconf 79' lang='lat' dir='ltr'>Spiritum</span> <span class='ocrx_word' id='word_1_134' title='bbox 1372 1405 1413 1446; x_wconf 86' lang='lat' dir='ltr'>in</span> 
     </span>
     <span class='ocr_line' id='line_1_18' title="bbox 60 1476 1412 1532; baseline -0.001 -14"><span class='ocrx_word' id='word_1_135' title='bbox 60 1477 195 1518; x_wconf 90' lang='lat' dir='ltr'>Deum</span> <span class='ocrx_word' id='word_1_136' title='bbox 232 1476 424 1524; x_wconf 81' lang='lat' dir='ltr'>resundi3</span> <span class='ocrx_word' id='word_1_137' title='bbox 466 1486 510 1518; x_wconf 88' lang='lat' dir='ltr'>ut</span> <span class='ocrx_word' id='word_1_138' title='bbox 543 1477 666 1518; x_wconf 85' lang='lat' dir='ltr'>unius</span> <span class='ocrx_word' id='word_1_139' title='bbox 699 1478 850 1517; x_wconf 80' lang='lat' dir='ltr'>r‹·susio</span> <span class='ocrx_word' id='word_1_140' title='bbox 873 1478 948 1524; x_wconf 84' lang='lat' dir='ltr'>sit,</span> <span class='ocrx_word' id='word_1_141' title='bbox 975 1487 1015 1518; x_wconf 80' lang='lat' dir='ltr'>et</span> <span class='ocrx_word' id='word_1_142' title='bbox 1038 1478 1227 1532; x_wconf 80' lang='lat' dir='ltr'>quaedam</span> <span class='ocrx_word' id='word_1_143' title='bbox 1252 1476 1412 1517; x_wconf 70' lang='lat' dir='ltr'>vicissi-</span> 
     </span>
     <span class='ocr_line' id='line_1_19' title="bbox 63 1536 1414 1604; baseline 0.001 -17"><span class='ocrx_word' id='word_1_144' title='bbox 63 1547 163 1588; x_wconf 84' lang='lat' dir='ltr'>tudo</span> <span class='ocrx_word' id='word_1_145' title='bbox 196 1546 235 1586; x_wconf 91' lang='lat' dir='ltr'>in</span> <span class='ocrx_word' id='word_1_146' title='bbox 275 1536 405 1587; x_wconf 83' lang='lat' dir='ltr'>varias</span> <span class='ocrx_word' id='word_1_147' title='bbox 438 1546 590 1587; x_wconf 80' lang='lat' dir='ltr'>formas</span> <span class='ocrx_word' id='word_1_148' title='bbox 625 1563 667 1587; x_wconf 82' lang='lat' dir='ltr'>se</span> <span class='ocrx_word' id='word_1_149' title='bbox 704 1563 811 1604; x_wconf 74' lang='lat' dir='ltr'>saepe</span> <span class='ocrx_word' id='word_1_150' title='bbox 840 1548 1070 1589; x_wconf 86' lang='lat' dir='ltr'>mutantis:</span> <span class='ocrx_word' id='word_1_151' title='bbox 1102 1563 1198 1589; x_wconf 87' lang='lat' dir='ltr'>cum</span> <span class='ocrx_word' id='word_1_152' title='bbox 1221 1547 1351 1589; x_wconf 80' lang='lat' dir='ltr'>Patris</span> <span class='ocrx_word' id='word_1_153' title='bbox 1373 1554 1414 1588; x_wconf 85' lang='lat' dir='ltr'>et</span> 
     </span>
     <span class='ocr_line' id='line_1_20' title="bbox 61 1616 1410 1673; baseline -0.002 -15"><span class='ocrx_word' id='word_1_154' title='bbox 61 1616 154 1658; x_wconf 89' lang='lat' dir='ltr'>Filii</span> <span class='ocrx_word' id='word_1_155' title='bbox 192 1625 232 1657; x_wconf 88' lang='lat' dir='ltr'>ct</span> <span class='ocrx_word' id='word_1_156' title='bbox 264 1617 442 1673; x_wconf 80' lang='lat' dir='ltr'>Spiritus</span> <span class='ocrx_word' id='word_1_157' title='bbox 472 1617 603 1658; x_wconf 80' lang='lat' dir='ltr'>sancti</span> <span class='ocrx_word' id='word_1_158' title='bbox 630 1632 802 1658; x_wconf 80' lang='lat' dir='ltr'>mancus</span> <span class='ocrx_word' id='word_1_159' title='bbox 826 1632 1014 1673; x_wconf 77' lang='lat' dir='ltr'>semper,</span> <span class='ocrx_word' id='word_1_160' title='bbox 1055 1616 1410 1672; x_wconf 81' lang='lat' dir='ltr'>immutabilisque</span> 
     </span>
     <span class='ocr_line' id='line_1_21' title="bbox 66 1686 1068 1744; baseline -0.001 -16"><span class='ocrx_word' id='word_1_161' title='bbox 66 1686 304 1734; x_wconf 77' lang='lat' dir='ltr'>distinctio,</span> <span class='ocrx_word' id='word_1_162' title='bbox 335 1687 536 1727; x_wconf 82' lang='lat' dir='ltr'>unitatem</span> <span class='ocrx_word' id='word_1_163' title='bbox 561 1702 645 1727; x_wconf 68' lang='lat' dir='ltr'>sure</span> <span class='ocrx_word' id='word_1_164' title='bbox 675 1695 812 1728; x_wconf 82' lang='lat' dir='ltr'>teneat</span> <span class='ocrx_word' id='word_1_165' title='bbox 838 1686 1068 1744; x_wconf 81' lang='lat' dir='ltr'>potestatis.</span> 
     </span>
    </p>

    <p class='ocr_par' dir='ltr' id='par_1_4' title="bbox 66 1756 1439 2570">
     <span class='ocr_line' id='line_1_22' title="bbox 121 1756 1415 1812; baseline -0.001 -14"><span class='ocrx_word' id='word_1_166' title='bbox 121 1757 219 1798; x_wconf 78' lang='lat' dir='ltr'>LIV.</span> <span class='ocrx_word' id='word_1_167' title='bbox 251 1756 292 1797; x_wconf 85' lang='lat' dir='ltr'>Si</span> <span class='ocrx_word' id='word_1_168' title='bbox 316 1757 406 1812; x_wconf 78' lang='lat' dir='ltr'>quis</span> <span class='ocrx_word' id='word_1_169' title='bbox 432 1764 570 1797; x_wconf 78' lang='lat' dir='ltr'>tamen</span> <span class='ocrx_word' id='word_1_170' title='bbox 598 1757 895 1812; x_wconf 83' lang='lat' dir='ltr'>propheticum</span> <span class='ocrx_word' id='word_1_171' title='bbox 923 1757 1084 1798; x_wconf 86' lang='lat' dir='ltr'>dietum</span> <span class='ocrx_word' id='word_1_172' title='bbox 1110 1757 1203 1798; x_wconf 84' lang='lat' dir='ltr'>ideo</span> <span class='ocrx_word' id='word_1_173' title='bbox 1228 1756 1415 1798; x_wconf 81' lang='lat' dir='ltr'>derivan-</span> 
     </span>
     <span class='ocr_line' id='line_1_23' title="bbox 67 1826 1418 1884; baseline -0.001 -15"><span class='ocrx_word' id='word_1_174' title='bbox 67 1828 166 1869; x_wconf 88' lang='lat' dir='ltr'>dum</span> <span class='ocrx_word' id='word_1_175' title='bbox 190 1835 308 1884; x_wconf 84' lang='lat' dir='ltr'>putat</span> <span class='ocrx_word' id='word_1_176' title='bbox 343 1828 394 1868; x_wconf 87' lang='lat' dir='ltr'>ad</span> <span class='ocrx_word' id='word_1_177' title='bbox 421 1827 805 1883; x_wconf 78' lang='lat' dir='ltr'>interpretationem</span> <span class='ocrx_word' id='word_1_178' title='bbox 839 1826 1015 1883; x_wconf 82' lang='lat' dir='ltr'>Spiritus</span> <span class='ocrx_word' id='word_1_179' title='bbox 1040 1828 1196 1876; x_wconf 86' lang='lat' dir='ltr'>sancti,</span> <span class='ocrx_word' id='word_1_180' title='bbox 1226 1827 1320 1883; x_wconf 86' lang='lat' dir='ltr'>quia</span> <span class='ocrx_word' id='word_1_181' title='bbox 1349 1827 1418 1868; x_wconf 86' lang='lat' dir='ltr'>ha-</span> 
     </span>
     <span class='ocr_line' id='line_1_24' title="bbox 66 1896 1419 1944; baseline 0 -6"><span class='ocrx_word' id='word_1_182' title='bbox 66 1898 138 1939; x_wconf 84' lang='lat' dir='ltr'>bet</span> <span class='ocrx_word' id='word_1_183' title='bbox 172 1913 213 1938; x_wconf 69' lang='lat'>:1</span> <span class='ocrx_word' id='word_1_184' title='bbox 237 1898 500 1939; x_wconf 82' lang='lat' dir='ltr'>Annuntians</span> <span class='ocrx_word' id='word_1_185' title='bbox 539 1897 578 1937; x_wconf 90' lang='lat' dir='ltr'>in</span> <span class='ocrx_word' id='word_1_186' title='bbox 605 1898 796 1938; x_wconf 82' lang='lat' dir='ltr'>homines</span> <span class='ocrx_word' id='word_1_187' title='bbox 822 1897 1033 1938; x_wconf 75' lang='lat' dir='ltr'>Christum</span> <span class='ocrx_word' id='word_1_188' title='bbox 1063 1912 1184 1937; x_wconf 86' lang='lat' dir='ltr'>suum</span> <span class='ocrx_word' id='word_1_189' title='bbox 1202 1896 1215 1917; x_wconf 77' lang='lat'><strong>²</strong></span> <span class='ocrx_word' id='word_1_190' title='bbox 1240 1914 1249 1944; x_wconf 91' lang='lat'><strong>;</strong></span> <span class='ocrx_word' id='word_1_191' title='bbox 1283 1897 1343 1937; x_wconf 82' lang='lat' dir='ltr'>»is</span> <span class='ocrx_word' id='word_1_192' title='bbox 1367 1897 1419 1938; x_wconf 87' lang='lat' dir='ltr'>ad</span> 
     </span>
     <span class='ocr_line' id='line_1_25' title="bbox 68 1968 1418 2024; baseline -0.001 -14"><span class='ocrx_word' id='word_1_193' title='bbox 68 1968 367 2010; x_wconf 79' lang='lat' dir='ltr'>incarnationis</span> <span class='ocrx_word' id='word_1_194' title='bbox 398 1968 628 2009; x_wconf 79' lang='lat' dir='ltr'>Dominicae</span> <span class='ocrx_word' id='word_1_195' title='bbox 654 1969 850 2024; x_wconf 76' lang='lat' dir='ltr'>mysteria</span> <span class='ocrx_word' id='word_1_196' title='bbox 875 1968 1034 2009; x_wconf 88' lang='lat' dir='ltr'>dictum</span> <span class='ocrx_word' id='word_1_197' title='bbox 1069 1968 1228 2009; x_wconf 75' lang='lat' dir='ltr'>facilius</span> <span class='ocrx_word' id='word_1_198' title='bbox 1257 1968 1418 2010; x_wconf 83' lang='lat' dir='ltr'>deriva-</span> 
     </span>
     <span class='ocr_line' id='line_1_26' title="bbox 70 2037 1416 2093; baseline -0.001 -14"><span class='ocrx_word' id='word_1_199' title='bbox 70 2038 142 2080; x_wconf 84' lang='lat' dir='ltr'>bit.</span> <span class='ocrx_word' id='word_1_200' title='bbox 171 2037 274 2079; x_wconf 86' lang='lat' dir='ltr'>Nam</span> <span class='ocrx_word' id='word_1_201' title='bbox 292 2038 324 2078; x_wconf 91' lang='lat' dir='ltr'>si</span> <span class='ocrx_word' id='word_1_202' title='bbox 349 2046 387 2078; x_wconf 90' lang='lat' dir='ltr'>te</span> <span class='ocrx_word' id='word_1_203' title='bbox 410 2046 548 2078; x_wconf 82' lang='lat' dir='ltr'>movet</span> <span class='ocrx_word' id='word_1_204' title='bbox 567 2038 660 2092; x_wconf 83' lang='lat' dir='ltr'>quia</span> <span class='ocrx_word' id='word_1_205' title='bbox 681 2037 881 2093; x_wconf 88' lang='lat' dir='ltr'>Spiritum</span> <span class='ocrx_word' id='word_1_206' title='bbox 903 2037 1028 2084; x_wconf 87' lang='lat' dir='ltr'>dixit,</span> <span class='ocrx_word' id='word_1_207' title='bbox 1054 2046 1096 2078; x_wconf 85' lang='lat' dir='ltr'>et</span> <span class='ocrx_word' id='word_1_208' title='bbox 1119 2038 1210 2078; x_wconf 86' lang='lat' dir='ltr'>ideo</span> <span class='ocrx_word' id='word_1_209' title='bbox 1232 2053 1316 2078; x_wconf 88' lang='lat' dir='ltr'>non</span> <span class='ocrx_word' id='word_1_210' title='bbox 1337 2037 1416 2080; x_wconf 84' lang='lat' dir='ltr'>hoc</span> 
     </span>
     <span class='ocr_line' id='line_1_27' title="bbox 71 2106 1415 2164; baseline -0.001 -16"><span class='ocrx_word' id='word_1_211' title='bbox 71 2116 190 2164; x_wconf 77' lang='lat' dir='ltr'>putas</span> <span class='ocrx_word' id='word_1_212' title='bbox 220 2107 493 2149; x_wconf 80' lang='lat' dir='ltr'>derivandum</span> <span class='ocrx_word' id='word_1_213' title='bbox 518 2108 568 2147; x_wconf 81' lang='lat' dir='ltr'>ad</span> <span class='ocrx_word' id='word_1_214' title='bbox 600 2106 844 2162; x_wconf 75' lang='lat' dir='ltr'>mysterium</span> <span class='ocrx_word' id='word_1_215' title='bbox 877 2107 1168 2163; x_wconf 78' lang='lat' dir='ltr'>assumptionis</span> <span class='ocrx_word' id='word_1_216' title='bbox 1192 2107 1384 2148; x_wconf 80' lang='lat' dir='ltr'>humanae</span> <span class='ocrx_word' id='word_1_217' title='bbox 1404 2138 1415 2153; x_wconf 91' lang='lat'>,</span> 
     </span>
     <span class='ocr_line' id='line_1_28' title="bbox 71 2176 1422 2235; baseline -0.001 -17"><span class='ocrx_word' id='word_1_218' title='bbox 71 2192 326 2235; x_wconf 81' lang='lat' dir='ltr'>prosequere</span> <span class='ocrx_word' id='word_1_219' title='bbox 349 2176 587 2233; x_wconf 86' lang='lat' dir='ltr'>Scripturas</span> <span class='ocrx_word' id='word_1_220' title='bbox 604 2211 612 2225; x_wconf 92' lang='lat'>‚</span> <span class='ocrx_word' id='word_1_221' title='bbox 651 2186 692 2219; x_wconf 85' lang='lat' dir='ltr'>et</span> <span class='ocrx_word' id='word_1_222' title='bbox 725 2178 908 2219; x_wconf 77' lang='lat' dir='ltr'>invenies</span> <span class='ocrx_word' id='word_1_223' title='bbox 933 2178 1089 2234; x_wconf 87' lang='lat' dir='ltr'>optime</span> <span class='ocrx_word' id='word_1_224' title='bbox 1117 2193 1348 2234; x_wconf 78' lang='lat' dir='ltr'>congruere</span> <span class='ocrx_word' id='word_1_225' title='bbox 1372 2176 1422 2217; x_wconf 84' lang='lat' dir='ltr'>de</span> 
     </span>
     <span class='ocr_line' id='line_1_29' title="bbox 75 2247 1439 2307; baseline -0.001 -19"><span class='ocrx_word' id='word_1_226' title='bbox 75 2248 254 2296; x_wconf 85' lang='lat' dir='ltr'>Christo,</span> <span class='ocrx_word' id='word_1_227' title='bbox 282 2248 331 2288; x_wconf 86' lang='lat' dir='ltr'>de</span> <span class='ocrx_word' id='word_1_228' title='bbox 362 2263 444 2303; x_wconf 85' lang='lat' dir='ltr'>quo</span> <span class='ocrx_word' id='word_1_229' title='bbox 469 2248 575 2307; x_wconf 76' lang='lat' dir='ltr'>bene</span> <span class='ocrx_word' id='word_1_230' title='bbox 599 2248 794 2289; x_wconf 76' lang='lat' dir='ltr'>convenit</span> <span class='ocrx_word' id='word_1_231' title='bbox 815 2248 1008 2289; x_wconf 69' lang='lat' dir='ltr'>:estimari</span> <span class='ocrx_word' id='word_1_232' title='bbox 1040 2248 1134 2303; x_wconf 85' lang='lat' dir='ltr'>quia</span> <span class='ocrx_word' id='word_1_233' title='bbox 1162 2247 1340 2288; x_wconf 77' lang='lat' dir='ltr'>firmavit</span> <span class='ocrx_word' id='word_1_234' title='bbox 1364 2256 1439 2287; x_wconf 78' lang='lat' dir='ltr'>to·-</span> 
     </span>
     <span class='ocr_line' id='line_1_30' title="bbox 73 2315 1423 2364; baseline -0.001 -6"><span class='ocrx_word' id='word_1_235' title='bbox 73 2317 211 2358; x_wconf 84' lang='lat' dir='ltr'>nitrua</span> <span class='ocrx_word' id='word_1_236' title='bbox 259 2317 438 2358; x_wconf 86' lang='lat' dir='ltr'>adventu</span> <span class='ocrx_word' id='word_1_237' title='bbox 482 2333 578 2364; x_wconf 88' lang='lat' dir='ltr'>suo,</span> <span class='ocrx_word' id='word_1_238' title='bbox 614 2317 696 2358; x_wconf 77' lang='lat' dir='ltr'>vim</span> <span class='ocrx_word' id='word_1_239' title='bbox 720 2317 913 2358; x_wconf 83' lang='lat' dir='ltr'>videlieet</span> <span class='ocrx_word' id='word_1_240' title='bbox 936 2326 977 2358; x_wconf 86' lang='lat' dir='ltr'>et</span> <span class='ocrx_word' id='word_1_241' title='bbox 1011 2331 1160 2358; x_wconf 83' lang='lat' dir='ltr'>sonum</span> <span class='ocrx_word' id='word_1_242' title='bbox 1190 2315 1423 2357; x_wconf 73' lang='lat' dir='ltr'>coe1estium</span> 
     </span>
     <span class='ocr_line' id='line_1_31' title="bbox 75 2386 1410 2443; baseline -0.003 -15"><span class='ocrx_word' id='word_1_243' title='bbox 75 2386 403 2443; x_wconf 84' lang='lat' dir='ltr'>Scripturarum,</span> <span class='ocrx_word' id='word_1_244' title='bbox 426 2401 601 2442; x_wconf 90' lang='lat' dir='ltr'>quarum</span> <span class='ocrx_word' id='word_1_245' title='bbox 620 2388 924 2442; x_wconf 82' lang='lat' dir='ltr'>velutquodam</span> <span class='ocrx_word' id='word_1_246' title='bbox 944 2386 1128 2428; x_wconf 86' lang='lat' dir='ltr'>tonitruo</span> <span class='ocrx_word' id='word_1_247' title='bbox 1149 2392 1307 2426; x_wconf 77' lang='lat' dir='ltr'>mentes</span> <span class='ocrx_word' id='word_1_248' title='bbox 1328 2399 1410 2424; x_wconf 87' lang='lat' dir='ltr'>nos·</span> 
     </span>
     <span class='ocr_line' id='line_1_32' title="bbox 78 2456 1422 2506; baseline -0.001 -8"><span class='ocrx_word' id='word_1_249' title='bbox 78 2466 148 2498; x_wconf 81' lang='lat' dir='ltr'>trae</span> <span class='ocrx_word' id='word_1_250' title='bbox 171 2458 408 2498; x_wconf 88' lang='lat' dir='ltr'>redduntur</span> <span class='ocrx_word' id='word_1_251' title='bbox 432 2458 642 2506; x_wconf 81' lang='lat' dir='ltr'>attonitae3</span> <span class='ocrx_word' id='word_1_252' title='bbox 671 2466 715 2498; x_wconf 87' lang='lat' dir='ltr'>ut</span> <span class='ocrx_word' id='word_1_253' title='bbox 732 2457 879 2498; x_wconf 85' lang='lat' dir='ltr'>timere</span> <span class='ocrx_word' id='word_1_254' title='bbox 901 2456 1131 2504; x_wconf 80' lang='lat' dir='ltr'>diseamus,</span> <span class='ocrx_word' id='word_1_255' title='bbox 1157 2465 1196 2497; x_wconf 90' lang='lat' dir='ltr'>et</span> <span class='ocrx_word' id='word_1_256' title='bbox 1220 2469 1422 2497; x_wconf 75' lang='lat' dir='ltr'>reverenn</span> 
     </span>
     <span class='ocr_line' id='line_1_33' title="bbox 79 2526 920 2570; baseline -0.002 0"><span class='ocrx_word' id='word_1_257' title='bbox 79 2528 177 2570; x_wconf 81' lang='lat' dir='ltr'>tiam</span> <span class='ocrx_word' id='word_1_258' title='bbox 205 2527 444 2570; x_wconf 80' lang='lat' dir='ltr'>coelestibus</span> <span class='ocrx_word' id='word_1_259' title='bbox 468 2527 702 2569; x_wconf 67' lang='lat' dir='ltr'>deferamus</span> <span class='ocrx_word' id='word_1_260' title='bbox 726 2526 920 2569; x_wconf 81' lang='lat' dir='ltr'>oraculis.</span> 
     </span>
    </p>
   </div>
   <div class='ocr_carea' id='block_1_3' title="bbox 124 2618 685 2656">
    <p class='ocr_par' dir='ltr' id='par_1_5' title="bbox 124 2618 685 2656">
     <span class='ocr_line' id='line_1_34' title="bbox 124 2618 685 2656; baseline 0.002 -8"><span class='ocrx_word' id='word_1_261' title='bbox 124 2625 133 2641; x_wconf 78' lang='lat'><em>¹</em></span> <span class='ocrx_word' id='word_1_262' title='bbox 158 2619 240 2650; x_wconf 80' lang='lat' dir='ltr'>Gen.</span> <span class='ocrx_word' id='word_1_263' title='bbox 263 2629 282 2654; x_wconf 81' lang='grc' dir='ltr'>ι,</span> <span class='ocrx_word' id='word_1_264' title='bbox 302 2629 328 2649; x_wconf 83' lang='lat'>2.</span> <span class='ocrx_word' id='word_1_265' title='bbox 349 2636 386 2641; x_wconf 93' lang='lat'>—-</span> <span class='ocrx_word' id='word_1_266' title='bbox 408 2628 418 2642; x_wconf 84' lang='lat'>¹</span> <span class='ocrx_word' id='word_1_267' title='bbox 440 2618 549 2650; x_wconf 81' lang='lat' dir='ltr'>Amos.</span> <span class='ocrx_word' id='word_1_268' title='bbox 570 2628 613 2656; x_wconf 78' lang='lat' dir='ltr'>iv,</span> <span class='ocrx_word' id='word_1_269' title='bbox 638 2618 685 2650; x_wconf 79' lang='lat'>15.</span> 
     </span>
    </p>
   </div>
  </div>
 </body>
</html>
