1768 3283
367 319 450 373 294
919 333 948 358 s.
991 331 1180 358 Axissnosu

370 418 496 459 tnm;
531 410 632 452 dixit
663 410 774 452 enim
808 409 938 450 David
965 424 1005 449 :a
1020 407 1197 464 Spiritus
1230 417 1325 450 tuus
1361 409 1496 450 bonus
1532 411 1712 452 deducet

370 495 468 522 nme
498 480 540 521 in
571 481 675 521 viam
706 479 904 521 rectam¹.
923 479 1066 530 »Quid
1088 479 1198 519 enim
1221 480 1422 536 Spiritus,
1455 480 1532 521 nisi
1564 481 1712 536 plenus

367 550 599 591 bonitatis?
627 549 826 601 Quicum
859 548 910 590 sit
940 549 1236 591 inaccessibilis
1259 558 1428 597 natura,
1458 550 1713 606 receptibilis
1748 580 1750 582 -

369 630 509 662 tamen
535 628 705 677 propter
731 619 966 661 bonitatem
995 635 1112 661 suam
1133 619 1254 660 nobis
1280 629 1362 668 cst,
1398 622 1614 676 complens
1636 620 1716 662 vir-

371 699 462 732 tute
498 690 639 732 omnia
663 722 673 738 ,
711 691 784 732 sed
821 689 891 746 qui
923 689 1019 731 solis
1050 689 1326 746 participetur
1356 689 1503 745 justis,
1541 689 1718 748 simplex

369 760 617 808 substantia,
638 761 862 817 opulentus
882 759 1122 808 virtutibus,
1148 759 1378 816 unicuique
1399 774 1596 817 praesens,
1621 761 1719 803 divi-

371 831 474 872 dens
495 830 546 870 de
568 844 643 871 suo
666 829 860 885 singulis,
884 838 926 870 et
945 829 1098 884 ubique
1123 837 1247 871 totus.

429 899 577 942 LXVI.
620 899 852 955 Meritoque
891 899 1017 940 Filius
1058 900 1130 940 Dei
1175 899 1276 940 dixit
1301 914 1310 940 ε
1338 917 1352 937 (ι
1375 900 1437 940 Ite
1460 931 1472 949 ‚
1513 900 1721 955 baptizate.

376 978 552 1024 »gentes
574 969 614 1010 in
637 970 808 1010 nomine
830 970 961 1011 Patris
981 978 1022 1010 et
1043 970 1133 1011 Filii
1155 979 1195 1011 et
1213 970 1393 1026 Spiritus
1416 970 1594 1019 sancti²‚
1609 986 1721 1012 »non

377 1040 623 1096 dedignatus
659 1039 836 1096 Spiritus
866 1040 999 1093 sancti
1036 1040 1296 1082 societatem.
1331 1042 1417 1082 Cur
1453 1041 1578 1096 igitur
1609 1056 1723 1083 nunc

373 1126 499 1165 quom
529 1110 734 1152 Dominus
761 1125 846 1151 non
869 1110 1117 1167 dedignatus
1139 1119 1203 1151 est
1223 1111 1264 1151 in
1288 1111 1557 1167 Baptismatis
1587 1127 1725 1153 sacra-

373 1188 538 1228 mento,
562 1180 741 1227 moleste
763 1180 904 1221 serunt
923 1181 1047 1236 aliqui
1065 1180 1175 1222 Patri
1200 1182 1265 1222 vel
1281 1181 1387 1222 Filio
1408 1181 1611 1237 Spiritum
1628 1196 1727 1223 nos-

375 1259 438 1292 tra
461 1250 683 1291 devotione
707 1250 944 1307 conjungi?

436 1319 604 1361 LXVII.
646 1321 788 1362 Bonus
813 1335 912 1376 ergo
935 1320 1114 1376 Spiritus
1139 1336 1147 1361 :
1169 1321 1304 1361 bonus
1323 1329 1487 1366 autem,
1511 1335 1593 1362 non
1612 1320 1729 1377 quasi

379 1390 600 1446 acquirens
623 1421 633 1437 ‚
673 1390 746 1431 sed
777 1377 894 1446 quasi
928 1390 1173 1446 impertiens
1204 1390 1453 1432 bonitatem.
1493 1389 1585 1432 Non
1617 1390 1729 1432 enim

381 1461 534 1517 accipit
554 1475 575 1501 a
601 1460 802 1501 creaturis
819 1493 828 1507 ‚
858 1461 933 1501 sed
963 1460 1172 1517 accipitur
1199 1460 1380 1516 Spiritus
1402 1468 1569 1501 sanctus
1595 1459 1733 1501 :sicut

381 1544 465 1572 non
499 1529 817 1577 sanctificatur,
859 1531 931 1571 sed
967 1530 1055 1586 ipse
1091 1530 1354 1578 sanctificat3
1392 1539 1587 1572 creatura
1620 1530 1732 1572 enim

381 1598 692 1647 sanctificatur,
727 1598 961 1641 sanctificat
992 1608 1131 1641 autem
1156 1600 1333 1657 Spiritus
1366 1609 1549 1642 sanctus.
1579 1600 1625 1640 In
1649 1614 1733 1656 quo

380 1671 480 1713 licet
506 1671 621 1712 verbi
643 1672 886 1712 communio
902 1703 912 1718 ,
937 1672 1133 1718 discretio
1160 1681 1296 1712 tamen
1316 1680 1475 1712 naturae
1496 1679 1573 1713 est.
1602 1670 1738 1712 Sanc-³

376 1749 442 1782 tus
463 1740 575 1782 enim
599 1741 750 1782 dicitur
771 1750 812 1782 et
839 1741 964 1781 homo
988 1756 1058 1796 qui
1085 1741 1256 1796 accipit,
1278 1749 1320 1781 et
1344 1741 1452 1781 Deus
1482 1740 1552 1795 qui
1581 1740 1732 1782 tribuit

385 1809 675 1857 sanctitatenn
711 1810 805 1866 quia
839 1811 1015 1866 legimus
1038 1826 1074 1850 :a
1091 1810 1234 1851 Estote
1270 1809 1425 1856 sancti,
1462 1809 1660 1864 quoniam
1696 1817 1738 1851 et

385 1900 400 1918 n
415 1895 492 1937 ego
515 1889 685 1922 sanctus
705 1897 795 1922 sum
811 1880 840 1921 ³.
863 1899 876 1919 n
902 1881 990 1923 Non
1016 1896 1115 1936 ergo
1133 1889 1269 1938 potest
1291 1878 1568 1921 sanctificatio
1590 1887 1631 1921 et
1647 1894 1739 1921 cor-

386 1952 547 2008 ruptela
573 1950 695 1992 unius
718 1966 808 1992 esse
824 1959 1010 1998 naturae3
1030 1959 1071 1992 et
1088 1952 1181 1992 ideo
1200 1965 1283 1992 non
1302 1958 1437 2007 potest
1456 1949 1587 2006 gratia
1604 1949 1739 1991 sancti

387 2023 564 2080 Spiritus
586 2031 628 2064 et
645 2036 836 2064 creatura
857 2023 978 2063 unius
1009 2039 1098 2064 esse
1122 2022 1377 2064 substantiae.

443 2092 635 2135 LXVIII.
663 2093 810 2149 Itaque
826 2107 924 2134 cum
944 2092 1078 2133 omnis
1094 2092 1311 2132 invisibilis
1327 2099 1477 2148 praeter
1493 2089 1741 2133 Trinitatem

382 2161 544 2218 reliqua
575 2170 748 2209 natura,
784 2161 906 2216 cujus
941 2162 1236 2203 rationabilem
1261 2169 1303 2202 et
1333 2162 1626 2218 incorpoream
1650 2161 1743 2217 jure

390 2231 561 2288 quidam
577 2231 854 2273 substantiam
873 2241 1044 2288 putant,
1070 2247 1154 2272 non
1174 2232 1386 2287 impertiat
1407 2232 1635 2288 spiritalem
1655 2247 1743 2288 gra-

389 2301 509 2350 tiam,
535 2301 608 2342 sed
627 2301 814 2356 acquirat
836 2316 844 2341 :
866 2315 918 2342 ne
941 2302 1177 2357 participet,
1199 2303 1272 2342 sod
1293 2310 1490 2348 assumat;
1510 2303 1744 2358 separanda

393 2372 537 2429 ntique
554 2380 615 2414 est
628 2388 646 2413 a
664 2372 863 2413 societate.
882 2371 1060 2428 Spiritus
1075 2372 1206 2413 sancti
1226 2372 1507 2414 communitas
1522 2381 1739 2415 creaturae.

390 2441 576 2484 Credant
610 2442 738 2499 igitur
768 2442 864 2498 quia
899 2451 1089 2484 creatura
1123 2458 1208 2484 non
1238 2452 1302 2484 est
1329 2443 1508 2499 Spiritus
1542 2452 1742 2485 sanctus:

392 2520 463 2552 aut
480 2513 511 2553 si
531 2520 767 2554 creaturam
787 2521 950 2570 putant,
973 2527 1049 2554 cur
1067 2513 1274 2555 associant
1288 2512 1398 2553 Patri
1412 2513 1428 2553 Ρ
1443 2511 1484 2553 Si
1502 2521 1697 2554 creatura

390 2582 669 2631 arbitrantur,
697 2597 773 2624 cur
803 2583 910 2625 Filio
939 2583 1015 2625 Dei
1047 2582 1259 2640 jungunt?
1293 2583 1419 2635 Quod
1442 2583 1474 2625 si
1497 2598 1520 2625 a
1547 2583 1671 2626 Patre
1705 2590 1746 2624 et

435 2684 443 2697 ¹
465 2675 548 2707 Psal.
567 2686 664 2714 extu,
686 2686 734 2707 10.
751 2693 790 2699 —
809 2685 820 2699 ²
841 2675 958 2708 Matth.
973 2686 1198 2717 xxvin,19.—-
1214 2678 1227 2699 ³
1247 2675 1347 2706 Lex-it.
1366 2686 1430 2713 xix,
1450 2686 1481 2706 2.
