1768 3283
495 289 546 317 1)ss
578 289 687 323 rum,
724 290 801 317 ιιΒ.
839 289 876 316 V.
1288 279 1371 321 255

85 364 228 406 CCIII.
267 363 386 406 Nunc
405 365 717 406 consideremus
741 364 893 420 quibus
911 364 1045 406 modis
1062 365 1235 409 scientia
1259 370 1372 410 colli>

25 444 160 492 gatur,
185 446 226 476 ct
247 437 518 476 ostendamus
541 435 673 492 ipsum
698 435 850 477 Filium
870 437 1178 479 demonstrasse
1200 439 1313 494 quod
1333 448 1373 481 et

26 505 132 547 dIem
163 504 299 546 sciret.
338 506 463 556 Quod
494 505 606 546 euim
630 505 806 552 scimus,
833 515 902 548 aut
926 515 1139 564 tempore,
1161 518 1231 551 aut
1251 510 1344 551 loco
1361 543 1371 558 ,

0 603 1 634 i
25 584 94 618 aut
117 575 264 632 signis,
292 583 361 616 aut
381 575 569 631 personis
593 576 869 624 declaramus,
888 577 1131 621 autordine.
1151 578 1377 629 Quomodo

0 638 1 649 ¹
23 645 148 703 igitur
165 646 338 687 nescivit
359 646 505 702 judicii
526 646 652 694 diem,
667 645 793 701 quiet
822 645 967 689 horam
985 647 1132 703 judicii
1157 657 1196 690 et
1216 650 1375 699 locum,

0 725 64 770 ‘et
85 717 200 772 signa
222 716 422 773 expressit
442 725 483 757 ct
505 731 664 757 causas.

82 786 221 829 CCIV.
256 787 448 843 Denique
478 785 536 827 sic
565 785 695 826 habes
719 800 727 826 :
755 803 770 824 «
793 786 838 827 In
866 787 933 827 illa
969 787 1070 828 hora
1099 787 1168 843 qui
1189 787 1373 829 fueritin

22 864 182 909 »tecto‚
206 871 288 898 non
313 856 540 898 descendat
562 857 706 897 tollere
727 871 820 897 vasa
841 857 892 898 de
912 858 1039 898 domo
1061 873 1161 906 sua,-
1183 866 1223 900 et
1242 859 1310 915 qui
1336 859 1375 900 in

0 920 1 970 ]
22 941 173 983 nigro,
199 926 390 967 similiter
412 941 495 967 non
520 928 663 967 redeat
694 926 847 968 1·etro¹.
877 945 891 965 n
915 927 974 968 Eo
1000 942 1131 984 usque
1158 928 1285 985 igitur
1308 929 1375 969 su·

0 1003 212 1038 'turorum
244 1002 368 1038 norat
396 997 683 1053 periculorum
708 1006 909 1046 eventus,
946 1007 991 1040 ut
1022 998 1146 1040 ctiam
1185 999 1376 1056 praesidia

0 1102 1 1108 ,
19 1065 358 1124 periclitantibus
378 1067 701 1108 demonstraret.

81 1136 199 1178 CCV.
238 1137 302 1178 An
325 1146 487 1193 poterat
508 1137 712 1179 Dominus
732 1137 841 1180 diem
868 1137 1081 1195 ignorare,
1111 1139 1181 1194 qui
1216 1139 1303 1197 ipse
1327 1140 1378 1181 de

21 1220 63 1248 se
89 1205 190 1248 dixit
213 1207 309 1262 quia
330 1207 458 1249 Filius
484 1207 667 1249 hominis
690 1207 897 1249 Dominus
922 1217 983 1249 est
1000 1209 1218 1250 sabbati²i³

80 1275 221 1319 CCVI.
258 1276 418 1319 Locum
443 1293 612 1334 quoque
633 1278 759 1320 etiam
785 1278 883 1319 alibi
908 1278 1161 1335 designavit,
1184 1294 1279 1322 cum
1299 1280 1376 1322 sibi

20 1355 251 1390 structuras
277 1349 420 1405 templi
453 1348 772 1390 ostendentibus
796 1348 1035 1405 Discipulis‚
1068 1349 1253 1391 diceret:
1273 1368 1287 1386 «
1306 1349 1375 1392 Vi-

19 1419 155 1462 »detis
173 1419 262 1462 haec
286 1419 458 1461 omnia?
485 1418 620 1461 Amen
649 1420 742 1460 dico
765 1419 904 1467 vobis,
930 1434 1014 1460 non
1033 1420 1297 1477 relinquetur
1318 1422 1375 1463 la·

19 1490 110 1548 »pis
129 1505 253 1546 super
274 1491 455 1547 lapidem
473 1525 482 1539 ,
501 1490 570 1546 qui
594 1505 678 1531 non
698 1491 937 1532 destruatur
954 1488 966 1511 ³
999 1491 1107 1546 (25).
1133 1509 1147 1529 n

79 1560 238 1602 CCVII.
278 1561 339 1602 De
360 1561 477 1617 signo
492 1575 659 1617 quoque
678 1560 962 1617 interrogatus
988 1561 1038 1602 ab
1056 1560 1266 1617 Apostolis
1291 1576 1374 1603 res-

19 1630 166 1688 pondit
191 1645 199 1670 :
229 1630 408 1673 «Videte
436 1645 488 1671 ne
514 1630 793 1672 seducamini.
829 1630 948 1671 Multi
981 1629 1094 1671 enim
1129 1631 1299 1673 venient
1327 1631 1368 1672 in

19 1700 217 1742 »nomine
234 1716 327 1742 meo
347 1700 534 1742 dicentes
548 1734 558 1750 ‚
579 1700 674 1757 quia
692 1715 769 1757 ego
789 1716 881 1742 sum
905 1700 1097 1742 Christus
1114 1718 1125 1750 ;
1149 1720 1162 1739 n
1177 1710 1218 1743 et
1236 1701 1364 1744 infra:

30 1770 199 1812 «Terrae
222 1779 381 1819 motus,
407 1771 567 1827 inquit,
593 1771 733 1827 magni
756 1779 882 1812 erunt
908 1786 983 1828 per
1008 1773 1100 1813 loca
1126 1771 1310 1828 singula,
1331 1780 1374 1815 et

19 1839 200 1894 »sames,
243 1851 283 1884 et
320 1842 579 1899 pestilentia,
621 1851 887 1898 terroresque
919 1843 969 1883 de
1001 1844 1136 1891 coelo,
1176 1852 1217 1884 et
1249 1843 1368 1900 signa

19 1928 197 1970 »magna
220 1914 384 1956 erunt&
407 1933 422 1953 »
446 1914 589 1971 Itaque
605 1922 646 1955 et
666 1929 866 1971 personas
889 1914 1092 1970 expressit
1110 1922 1152 1956 et
1174 1914 1304 1971 sigua.

79 1983 256 2026 CCVIII.
297 1984 393 2035 Quo
418 1993 558 2025 autem
589 1985 739 2032 modo,
767 1984 832 2025 rel
855 1984 1192 2026 circumdaturos
1216 1985 1372 2027 exerci-

21 2046 335 2096 tusJerusalem
359 2054 495 2102 dicat,
526 2055 590 2096 vel
622 2053 835 2110 implenda
874 2062 1062 2111 tempora
1095 2055 1306 2112 gentium,
1333 2063 1374 2097 et

19 2139 103 2182 quo
125 2125 298 2173 ordine,
327 2125 586 2183 Evangelicae
610 2124 756 2181 utique
787 2124 981 2167 lectionis
1014 2125 1278 2168 attestatione
1301 2141 1368 2168 re-

21 2205 196 2239 seratur.
220 2196 348 2238 Scivit
365 2211 465 2253 ergo
490 2195 643 2237 omnia.

65 2297 74 2311 ¹
93 2290 170 2322 an.
188 2299 268 2324 xvu.
295 2289 348 2321 51.
377 2306 416 2312 —
445 2299 456 2312 ²
489 2288 609 2321 Mauh.
638 2299 697 2330 xu,
719 2288 749 2319 S.
763 2306 797 2311 —
820 2288 832 2310 ³
850 2287 907 2319 Id.
926 2297 1013 2324 xxiv,
1030 2298 1061 2321 2.
1080 2305 1119 2312 -—-
1141 2289 1152 2315 ⁴
1172 2288 1248 2320 Luc.
1265 2299 1333 2323 xxi.
1351 2289 1371 2320 8

19 2346 53 2375 et*
73 2353 120 2376 ιι.
