1768 3283
231 324 284 355 »Β
316 323 483 352 metr-u.
521 322 662 350 nomm.
699 323 991 359 SACRAMENTO‚
1026 326 1105 355 ιιΒ.
1145 328 1173 356 1.
1298 314 1384 365 483

40 498 463 514 mmmmm-&sm
472 498 1398 513 mmxmwswwmmwmwwwmm

602 641 780 684 CAPUT
811 642 864 684 X.

51 795 93 837 A
115 792 410 851 superioribus
431 805 498 831 eos
514 805 602 831 non
623 791 874 847 discrepare
889 825 898 840 ,
919 793 996 846 qui
1016 792 1188 835 Filium
1211 795 1404 836 Patrisi-

109 863 261 904 milem
284 871 582 918 agnoscentes,
605 859 799 914 ejusdem
828 860 1085 902 substantiae
1121 862 1397 918 inficiantur.

110 931 211 976 Non
230 932 348 972 enim
365 944 484 986 posse
509 929 624 968 inter
643 944 709 970 eos
731 930 1048 971 accidentalem
1066 942 1143 972 aut
1163 933 1404 989 partialem

109 1000 374 1044 intercedere
393 999 760 1047 similitudincm;
790 997 889 1041 cum
916 1001 1174 1056 hujusmodi
1191 1003 1405 1044 similitu-

111 1073 235 1114 dines
255 1072 382 1128 puris
405 1069 657 1111 hominibus
673 1086 773 1110 cum
793 1071 879 1111 Deo
905 1071 1181 1123 tribuantur,
1209 1082 1254 1113 at
1285 1073 1405 1114 Filio

109 1157 211 1183 cum
238 1141 370 1181 l-’atre
400 1151 573 1180 naturoe
605 1140 661 1180 sit
683 1140 952 1187 similitudo,
991 1143 1116 1196 cujus
1146 1152 1184 1182 et
1207 1141 1404 1198 perfecta

112 1214 258 1269 imago
282 1221 356 1252 est.
391 1209 517 1252 Nihil
537 1225 639 1266 ergo
656 1225 804 1250 vocem
828 1209 1059 1266 ingenitum
1083 1211 1308 1253 catholicis
1334 1212 1410 1253 ob-

114 1292 228 1324 stare
241 1312 252 1330 ,
271 1281 345 1322 ,sed
358 1281 663 1320 haereticorum
676 1279 860 1335 prodere
869 1278 1137 1336 perfidiam5
1160 1281 1319 1338 quippe
1339 1285 1416 1337 qui

116 1353 222 1394 dum
242 1365 387 1393 vocem
409 1352 457 1390 in
473 1350 713 1406 Scriptura
732 1349 930 1406 ignotam
950 1351 1225 1406 usurpabant
1241 1385 1251 1401 ‚
1270 1353 1412 1394 omni-

109 1422 353 1480 potentiam
376 1435 469 1475 quoe
493 1420 581 1460 illis
600 1420 799 1477 personis
824 1420 888 1459 ibi
909 1420 1141 1472 tribuitur,
1165 1422 1403 1480 negabant.

114 1584 218 1628 CVI.
254 1584 337 1627 SED
369 1585 562 1642 plerique
583 1586 775 1626 eamdem
801 1593 958 1627 sectam
982 1594 1204 1643 sequentes
1226 1618 1236 1635 ,
1264 1586 1409 1643 dispu-

55 1654 221 1697 tationis
244 1669 396 1712 genere
414 1654 655 1696 discordare
671 1670 714 1695 se
737 1663 886 1711 putant
909 1656 957 1696 ab
978 1655 1040 1696 his
1056 1688 1066 1704 ,
1081 1656 1152 1711 qui
1171 1656 1415 1697 dissimilem

55 1724 167 1768 Patri
195 1739 270 1781 per
299 1724 439 1765 omnia
469 1724 622 1765 Filium
648 1725 806 1766 dicunt.
835 1725 933 1766 ldeo
965 1725 1117 1766 horum
1152 1740 1319 1782 quoque
1341 1726 1413 1781 qui

57 1796 235 1838 similem
269 1794 415 1836 dicunt
445 1794 622 1843 Filium,
662 1795 735 1836 sed
765 1810 850 1836 non
883 1796 1005 1836 unius
1037 1795 1280 1837 substantiae
1315 1810 1413 1837 cum

55 1867 199 1915 Patre,
220 1865 397 1923 ineptias
424 1865 711 1907 discutiamus.

120 1936 242 1979 CVII.
281 1935 364 1978 Sed
391 1951 481 1992 quae
504 1951 590 1977 non
617 1935 740 1977 unius
767 1945 926 1978 naturae
954 1944 1073 1985 sunt,
1109 1936 1281 1977 diversae
1315 1945 1414 1978 sunt

60 2008 206 2064 utique
231 2016 355 2063 atque
379 2006 568 2048 distantis
594 2022 602 2045 :
629 2015 670 2047 et
703 2021 796 2062 quae
827 2007 1016 2047 distantis
1048 2015 1205 2047 naturae
1224 2037 1234 2053 ‚
1265 2020 1414 2047 conse·

62 2093 194 2136 quens
212 2086 274 2118 est
294 2085 340 2118 ut
358 2076 506 2117 similia
531 2092 620 2117 esse
644 2091 729 2117 non
754 2076 936 2133 possint3
958 2076 1035 2118 nisi
1052 2077 1159 2117 sorte
1180 2077 1413 2117 secundum

62 2149 243 2206 speciem
257 2147 405 2188 similia
422 2148 535 2188 dicas
552 2181 562 2196 ,
582 2147 793 2188 dissimilia
811 2147 1044 2188 secundum
1061 2146 1291 2188 veritatem.
1309 2145 1414 2188 Nam

63 2230 104 2263 et
124 2219 243 2262 lactis
263 2227 305 2260 et
319 2218 421 2259 nivis
439 2227 480 2259 et
498 2219 622 2275 cygni
641 2219 817 2260 albentis
835 2219 1034 2260 concolor
1050 2218 1208 2275 species
1227 2225 1316 2266 est,
1341 2218 1415 2259 sed

66 2290 387 2348 discrepantiam
412 2298 548 2332 servat
572 2291 761 2331 distantis
787 2298 970 2337 naturae3
1000 2304 1078 2331 nec
1101 2289 1332 2331 differentia
1346 2303 1416 2330 na·

67 2370 254 2405 turarum
277 2361 511 2417 specierum
530 2360 805 2401 similitudine
829 2362 1053 2402 coloratur.

129 2431 274 2474 CVlll.
313 2431 537 2482 Quomodo
570 2447 669 2488 ergo
694 2431 759 2472 isti
792 2431 971 2472 similem
1001 2430 1147 2472 dicunt
1175 2430 1340 2472 Patrem
1373 2438 1415 2471 et

67 2503 219 2545 Filium
238 2534 249 2550 ‚
281 2500 351 2558 qui
381 2501 581 2542 unitatem
611 2501 853 2542 substantiae
891 2500 1073 2556 negant?
1095 2499 1159 2542 An
1182 2499 1414 2540 secundum

68 2574 246 2616 formam
270 2580 311 2612 et
343 2569 516 2627 liguram
541 2579 581 2613 et
604 2573 789 2613 colorem
812 2570 988 2611 similem
1013 2569 1197 2627 putant?
1219 2568 1302 2610 Sed
1328 2569 1416 2610 haec

72 2642 259 2701 corporis
288 2650 406 2690 sunt,
444 2641 534 2685 haec
574 2641 926 2699 compositionem
957 2639 1184 2696 quamdam
1211 2639 1411 2682 indicant.

1227 2710 1293 2752 31.
