1768 3283
344 320 429 372 468
884 335 915 361 s.
955 333 1146 363 munosu

337 421 432 454 »tus
453 411 660 455 Altissimi
687 412 959 454 obumbrabit
984 412 1066 454 te'.
1086 430 1100 450 n
1115 410 1198 452 Sed
1214 419 1360 453 natum
1383 418 1445 453 est
1467 425 1619 469 corpus
1640 425 1691 453 ex

338 482 531 539 Virgine3
558 491 598 524 et
624 483 716 524 ideo
744 482 924 524 coelestis
947 482 1118 538 quidem
1141 480 1386 530 descensio,
1412 481 1485 523 sed
1504 480 1688 522 humana

337 553 560 610 conceptio
577 561 651 595 est.
675 552 769 594 Non
787 567 885 609 ergo
903 552 1098 595 eamdem
1124 550 1262 594 carnis
1279 550 1421 609 potuit
1443 565 1556 600 esse,
1581 548 1692 592 Divi·

339 623 564 680 nitatisque
590 631 756 666 natura.

340 789 578 803 Quassus„
584 789 639 801 uns
646 789 702 800 νιι
708 785 1077 800 ustam-mmmmm&
1088 786 1261 799 mmm
1268 786 1572 799 mmmmnt
1579 786 1698 800 ”sm

871 901 1049 944 CAPUT
1079 900 1170 945 Vn.

345 1040 473 1092 Quod
505 1038 627 1080 libris
648 1036 945 1095 superioribus
969 1036 1085 1078 huno
1108 1035 1335 1077 addiderit
1354 1067 1363 1087 ‚
1392 1047 1569 1078 excusat
1591 1052 1604 1077 :
1626 1035 1702 1077 de-

404 1108 508 1149 inde
547 1107 623 1150 ubi
662 1107 856 1148 rationes
897 1121 1076 1155 eorum,
1116 1106 1193 1162 qui
1230 1106 1433 1147 animam
1463 1122 1491 1148 α
1529 1105 1702 1149 Christo
1766 1148 1768 1151 ,

401 1177 619 1236 negabant
645 1191 729 1218 esse
743 1187 988 1233 susceptam
1000 1209 1012 1225 ,
1033 1176 1202 1232 ineptas
1220 1176 1565 1224 demonstravit,
1582 1190 1703 1217 eam-

405 1250 504 1291 dem
525 1249 691 1290 am'moe
721 1248 1035 1305 susceptionem
1058 1247 1302 1304 Scripturae
1331 1248 1495 1289 astruit
1520 1247 1704 1289 testimo-

404 1320 493 1361 niis
515 1335 528 1362 .·
554 1329 648 1360 tum
669 1319 864 1376 exposito
885 1334 962 1359 cur
985 1317 1189 1358 animam
1211 1332 1239 1357 a
1261 1317 1455 1359 Domino
1480 1332 1571 1358 non
1592 1331 1703 1374 prce·
1767 1366 1768 1372 ἵ

406 1393 651 1432 termz'ssam
689 1389 960 1445 oportuerit,
1001 1388 1170 1429 eosdem
1204 1402 1319 1430 vano
1351 1387 1509 1429 timore
1538 1388 1707 1446 agitari

406 1460 607 1502 ostendit.
653 1459 882 1512 Quomodo
930 1469 1121 1500 metuere
1162 1467 1237 1499 aut
1275 1456 1491 1515 proficere
1529 1458 1708 1501 dicatur

415 1530 639 1579 Christus-3
664 1545 803 1584 neque
830 1539 978 1571 tamen
1000 1528 1250 1586 periculum
1272 1529 1348 1582 sit,
1371 1544 1424 1570 ne
1445 1528 1703 1576 dividatur,

409 1601 481 1642 vel
496 1610 630 1643 tetras
647 1599 855 1642 videatur
877 1599 1027 1641 induci
1044 1615 1057 1640 .·
1076 1598 1189 1654 quod
1209 1598 1420 1641 ultimum
1443 1598 1493 1639 in
1515 1613 1582 1640 eos
1599 1599 1709 1655 ipsos

408 1680 693 1726 retorquetur.

414 1804 545 1847 LXII.
584 1803 740 1845 Possem
765 1802 887 1844 latius
920 1801 1139 1859 persequi,
1164 1802 1234 1844 sed
1269 1815 1415 1844 vereor
1436 1815 1489 1844 ne
1510 1800 1600 1843 haec
1624 1799 1709 1857 ipsa
1766 1790 1768 1805 ²

356 1874 566 1930 aliquibus
590 1881 661 1914 aut
687 1873 898 1930 superflua
925 1905 935 1921 ,
967 1882 1037 1914 aut
1059 1872 1218 1930 prolixa
1247 1872 1481 1914 videantur.
1507 1871 1710 1913 Fortassis

356 1945 468 1987 enim
498 1944 610 1986 dicat
645 1943 792 2000 aliquis
826 1959 835 1984 :
870 1942 1019 1985 Nonne
1055 1944 1105 1984 de
1134 1942 1267 1985 Patris
1293 1950 1335 1984 et
1365 1941 1459 1984 Filii
1486 1941 1712 1984 Divinitato
1766 1989 1768 1995 A

358 2016 545 2072 quinque
570 2015 666 2062 illis,
695 2029 801 2070 quos
824 2013 1040 2070 scripsisti,
1069 2013 1205 2055 Libris
1228 2014 1529 2055 conclusurum
1553 2020 1594 2055 te
1623 2027 1713 2054 esse
1766 2021 1768 2071 f

358 2085 643 2144 promiseras?
669 2084 752 2127 Sed
775 2084 875 2141 quid
901 2084 1050 2126 faciam
1068 2117 1078 2132 ‚
1108 2098 1204 2125 eum
1227 2083 1414 2140 quotidie
1442 2097 1570 2125 novas
1597 2082 1716 2124 semi·

360 2166 460 2199 nent
479 2155 760 2214 quaestiones?
783 2156 876 2198 Non
898 2155 1083 2212 praeterit
1103 2154 1270 2212 sponsio
1286 2187 1296 2203 ,
1318 2154 1392 2197 sed
1415 2153 1606 2211 astringit
1635 2153 1715 2196 ob-

359 2228 499 2284 jectio·
534 2228 639 2270 Nam
672 2229 1031 2283 quemadmodum
1054 2234 1190 2284 potest
1213 2224 1307 2268 finis
1328 2240 1418 2268 esse
1442 2224 1657 2284 responsi,
1683 2224 1715 2267 si
1766 2252 1768 2264 1

360 2300 512 2341 modus
536 2300 672 2340 nullus
694 2297 851 2353 objecti
870 2296 955 2339 sit?

416 2369 566 2412 LXIII.
603 2369 653 2409 Et
677 2377 815 2409 tamen
839 2369 889 2409 de
912 2367 1044 2409 Patris
1070 2375 1111 2407 et
1134 2365 1229 2408 Filii
1254 2365 1480 2407 Divinitate
1515 2378 1716 2407 consum-

357 2449 571 2481 maturum
585 2437 952 2494 responsionemin
965 2435 1251 2492 superioribus
1281 2451 1349 2477 me
1377 2434 1714 2492 spoponderam:

361 2510 441 2551 hoc
465 2518 603 2551 autem
637 2508 744 2550 libro
776 2510 827 2549 de
860 2506 1164 2549 Incaruationis
1196 2504 1428 2547 Dominicae
1454 2511 1718 2547 sacramento

359 2580 522 2636 plenior
542 2612 552 2628 ,
577 2580 686 2621 sieut
712 2578 886 2627 debuit,
912 2577 1019 2620 sacta
1044 2576 1219 2634 digestio
1240 2584 1315 2619 est.
1347 2574 1452 2619 Nam
1486 2589 1583 2617 cum
1615 2572 1720 2616 illud

404 2691 412 2705 ¹
435 2684 509 2714 Luc.
534 2694 540 2712 ι
571 2683 623 2714 35.
