1806 3256
393 290 473 334 158
941 302 972 329 s.
1011 300 1205 329 Aunnosn

388 397 470 440 que
491 381 678 423 sentires.
702 380 813 423 Nihil
850 394 949 435 ergo
971 379 1067 420 facit
1089 380 1241 431 Filius,
1265 380 1342 421 nisi
1362 381 1473 436 quod
1491 380 1613 422 Pater
1637 396 1737 438 pro-

385 454 483 502 bet,
518 453 640 494 Pater
668 451 832 497 laudet,
864 450 985 491 Pater
1019 450 1138 498 veiit;
1174 451 1267 506 quia
1289 467 1337 492 ex
1365 452 1485 493 Putre
1509 461 1620 493 totus
1643 460 1734 493 est:

386 538 471 565 non
494 530 540 562 ut
560 528 750 563 creatura
767 551 776 567 ,
802 534 894 574 quae
919 521 1049 560 multa
1073 521 1326 568 committit,
1357 523 1456 562 dum
1484 522 1623 563 studio
1647 523 1738 578 lap-

389 608 520 649 suque
561 589 725 647 peccati
757 590 1013 630 voluntatem
1054 589 1297 645 frequenter
1333 590 1508 632 offendit
1539 591 1733 633 auctoris.

388 661 500 705 Nihil
519 674 619 716 ergo
641 658 769 699 Filius
801 657 922 705 facit,
950 658 1028 699 nisi
1053 661 1165 714 quod
1189 660 1352 716 placeat
1373 660 1509 707 Patri3
1533 660 1628 716 quia
1657 674 1739 701 una

388 731 604 778 voluntas,
635 718 716 769 una
735 727 941 769 sententia
963 736 1051 777 est,
1077 744 1159 770 una
1181 737 1242 771 est
1266 743 1363 770 vera
1384 729 1589 779 charitas,
1612 730 1738 772 unius

388 798 641 857 operationis
663 797 857 839 effectus.

444 867 632 912 LXVIII,
653 867 845 923 Denique
862 875 909 908 ut
930 867 1035 909 scias
1056 867 1272 909 charitatis
1293 884 1382 910 esse
1403 870 1513 925 quod
1529 870 1643 910 «Non
1661 883 1739 925 po-

391 947 499 981 »test
514 937 644 979 Filius
664 952 684 978 a
704 952 746 978 se
767 936 903 978 facere
923 937 1151 993 quidquam
1165 970 1174 984 ,
1196 938 1273 978 nisi
1292 942 1403 994 quod
1420 938 1567 979 viderit
1591 938 1740 980 sacien-

390 1025 405 1046 ι)
419 1016 505 1049 tem
527 1007 691 1048 Patrem
708 1023 744 1053 ,ι
759 1020 810 1046 cu
821 1021 856 1045 m
882 1007 1150 1060 praemisissct
1169 1022 1178 1046 :
1196 1024 1210 1043 α
1227 1007 1513 1062 Quaecumque
1540 1007 1607 1048 ille
1632 1006 1739 1047 fece-

392 1076 496 1124 »rit,
537 1076 682 1117 eadem
715 1083 755 1116 et
792 1074 925 1116 Filius
969 1075 1067 1117 facit
1103 1076 1738 1129 similiter‚1›subjecit:aPater

391 1147 531 1190 »enim
569 1145 702 1203 diligit
738 1144 905 1187 Filium.
925 1163 940 1184 ι
963 1146 1071 1202 Ergo
1109 1147 1218 1202 quod
1256 1147 1358 1188 dixit
1391 1146 1605 1203 Scriptura
1642 1147 1739 1204 quia

392 1231 507 1261 »non
528 1215 781 1274 potest‚»ad
806 1214 1093 1271 inseparabilis
1116 1224 1157 1257 et
1187 1216 1413 1259 individuae
1437 1216 1651 1259 charitatis
1679 1231 1742 1258 re-

393 1288 490 1332 tulit
514 1287 732 1328 unitatem.
825 1339 831 1343 Α

449 1355 603 1402 LXIX.
648 1354 775 1406 Quod
797 1354 832 1395 si
852 1354 1098 1395 naturaliter·
1115 1364 1196 1402 est,
1217 1363 1263 1396 ut
1286 1370 1382 1396 vere
1403 1364 1465 1397 est
1485 1387 1496 1402 .
1532 1355 1740 1411 insepara-

393 1427 488 1471 bilis
513 1424 720 1471 charitas;
745 1422 1033 1479 inseparabilis
1061 1425 1205 1481 utique
1229 1434 1288 1466 est
1307 1426 1431 1466 ctiam
1455 1424 1642 1481 operatio
1667 1438 1742 1464 na-

396 1496 588 1539 turaliter
615 1508 625 1535 :
654 1502 694 1535 et
724 1493 980 1548 impossibile
1014 1502 1058 1534 ut
1095 1509 1198 1549 opus
1232 1494 1323 1536 Filii
1359 1509 1454 1535 cum
1494 1494 1625 1535 Patris
1658 1508 1743 1534 non

398 1563 622 1608 conveniat
658 1563 897 1609 voluntatc,·
926 1564 1094 1618 quaudo
1126 1565 1166 1604 1d
1207 1565 1320 1620 quod
1350 1564 1480 1605 Filius
1516 1571 1739 1619 operatur,

398 1645 596 1694 operatur
617 1641 660 1674 et
680 1631 842 1674 Pater':
871 1641 910 1673 et
940 1635 1051 1688 quod
1076 1633 1196 1674 Pater
1221 1643 1444 1689 operatur,
1474 1642 1672 1690 operatur
1703 1640 1744 1674 et

395 1706 526 1750 Filius
547 1718 557 1745 :
582 1711 624 1744 et
647 1703 759 1758 quod
790 1702 975 1757 loquitur
1006 1702 1134 1744 Filius
1152 1735 1162 1750 ‚
1192 1704 1378 1758 loquitur
1402 1711 1443 1744 et
1466 1703 1611 1750 Pater,
1635 1701 1744 1744 sicut

398 1777 600 1833 scriptum
619 1781 682 1815 est
700 1787 710 1813 τ
727 1772 877 1813 «Pater
894 1788 1010 1813 meus
1023 1774 1090 1828 qui
1111 1774 1149 1814 in
1172 1789 1236 1815 me
1256 1782 1411 1821 manet,
1429 1774 1515 1831 ipse
1537 1773 1736 1829 loquitur3

393 1868 409 1890 n
423 1856 463 1890 et
476 1859 602 1903 opera
615 1857 706 1899 quae
724 1856 799 1897 ego
815 1842 937 1889 facio,
955 1843 1039 1898 ipse
1059 1844 1156 1884 fucit
1170 1843 1200 1886 ².
1220 1862 1234 1881 n
1250 1845 1485 1885 Mhitenim
1510 1845 1630 1885 Pater
1654 1842 1744 1884 sine

397 1919 552 1962 virtute
570 1924 695 1970 atque
716 1913 915 1968 sapientia
935 1928 1007 1953 sua
1026 1915 1235 1962 condidit3
1254 1915 1347 1970 quia
1369 1915 1505 1956 omnia
1526 1915 1566 1955 in
1584 1914 1744 1972 sapien-

397 1991 453 2034 tia
470 1986 584 2033 fecit,
604 1984 1072 2038 sicutscript1u11est:e
1086 1985 1239 2026 Omnia
1258 1987 1295 2025 in
1315 1986 1515 2042 sapientia
1532 1984 1698 2028 fecisti³.
1716 2005 1731 2024 n

397 2059 510 2106 Nihil
527 2055 652 2097 etiam
680 2053 790 2094 Deus
817 2052 1000 2095 Verbum
1024 2055 1111 2095 siue
1133 2055 1253 2096 Patre
1274 2055 1388 2098 fecit.

455 2125 590 2171 LXX.
629 2123 720 2166 Nou
741 2131 938 2179 operatur
961 2124 1048 2164 sine
1066 2124 1187 2165 Patre
1203 2156 1212 2171 ,
1234 2139 1315 2165 uon
1338 2124 1426 2165 sine
1450 2124 1581 2180 patria
1599 2125 1745 2166 volun-

398 2207 484 2242 tate
506 2199 778 2238 sacrosanctae
804 2191 861 2232 illi
884 2208 926 2232 se
948 2194 1101 2233 obtulit
1123 2194 1312 2234 salutaris
1331 2195 1476 2235 muudi
1497 2195 1622 2236 totius
1651 2196 1743 2236 hos-

385 2270 452 2313 ‚tia
470 2262 647 2325 passioni
661 2262 694 2310 Δ,
714 2276 799 2302 non
819 2262 906 2302 siue
925 2262 1054 2317 patria
1075 2265 1285 2303 voluntate
1307 2272 1491 2304 mortuos
1510 2264 1738 2306 suscitavit.

395 2337 586 2393 Denique
610 2333 812 2375 Lizarum
845 2334 1118 2373 suscitaturus
1141 2335 1289 2375 levavit
1312 2336 1454 2375 oculos
1485 2350 1648 2376 sursum
1665 2368 1674 2382 ‚
1704 2344 1745 2377 et

398 2411 500 2456 dixit
525 2406 722 2452 :apaten
753 2403 903 2460 gratias
929 2419 1002 2460 ago
1033 2404 1130 2451 ti‘ui,
1167 2405 1259 2460 quia
1287 2406 1434 2446 audiui
1462 2421 1529 2447 me
1559 2421 1568 2447 :
1595 2415 1637 2448 et
1667 2422 1743 2464 ego

395 2478 608 2524 »sciebam
634 2474 729 2531 quia
751 2488 917 2530 semper
933 2489 998 2515 me
1017 2474 1132 2515 audis
1156 2489 1165 2515 :
1189 2476 1260 2515 sed
1277 2486 1447 2532 propter
1469 2476 1636 2518 turbam
1653 2491 1743 2532 quae

440 2593 450 2607 x
482 2581 577 2613 Joan.
596 2587 653 2615 ιιι,
680 2576 734 2607 5ο.
767 2593 807 2599 -
831 2566 849 2600 θ’
872 2575 923 2608 ld.
946 2586 1012 2612 xiv,
1045 2586 1093 2609 ιο.
1127 2592 1167 2601 -—
1200 2576 1215 2600 ³
1241 2577 1323 2609 Psal.
1353 2587 1422 2618 clu,
1448 2577 1500 2615 24.
1530 2595 1571 2601 -
1597 2578 1608 2602 ⁴
1638 2576 1740 2609 Hebr.

395 2649 416 2672 x
431 2659 442 2677 ,
461 2646 512 2667 ιο.
