1806 3256
379 267 436 317 64
923 277 952 306 s.
992 277 1181 306 munosu

380 358 517 401 »ciam
541 356 798 398 voluntatem
819 364 932 396 tuam
951 386 960 403 ‚
985 355 1096 397 Deus
1128 370 1270 404 meus,
1297 355 1445 398 volui'.
1472 376 1485 396 ι
1509 356 1559 398 Et
1592 356 1688 399 alibi
1710 371 1718 398 :

391 448 406 467 ι
431 426 673 469 voluntarie
691 422 935 466 sacrificabo
955 423 1069 466 tibi².
1098 443 1113 462 n

437 497 588 541 XLIX.
628 494 756 536 scivit
793 502 962 535 sanctus
992 495 1202 551 apostolus
1240 495 1385 537 Petrus
1412 494 1557 537 Jesum
1586 495 1625 536 in
1658 511 1725 553 po-

382 577 530 611 testate
549 565 705 607 habere
726 578 816 619 quae
840 564 984 611 veilct3
1011 573 1052 606 et
1079 565 1172 605 ideo
1191 580 1286 606 cum
1323 565 1481 606 videret
1512 565 1727 607 ambulare
1792 560 1796 587 '⁵

384 653 480 681 eum
505 649 627 692 supra
645 648 783 680 mare,
808 633 893 674 ait:
921 650 936 670 ι
958 632 1153 681 Domine,
1177 634 1207 674 si
1230 643 1272 675 tu
1295 650 1352 681 es,
1372 634 1471 690 jube
1500 651 1566 676 mo
1590 635 1727 676 venire
1793 652 1795 655 ’

382 727 397 747 >›
412 708 464 749 ad
486 715 524 747 te
542 718 666 761 super
691 701 857 759 aquas³.
887 721 901 740 n
923 702 1069 744 Petrus
1093 703 1270 744 credidit
1289 704 1385 759 quia
1407 704 1438 744 si
1457 703 1645 745 Christus
1668 703 1730 759 ju·

381 777 502 824 beat,
526 783 685 816 naturae
715 771 844 828 possit
869 772 1054 814 conditio
1088 773 1266 821 mutari;
1295 781 1338 814 ut
1357 773 1548 814 humanis
1571 788 1613 814 sc
1636 773 1729 814 sub-
1794 787 1796 790 ’

385 847 501 905 jiciat
531 846 641 887 unda
668 843 850 900 vestigiis
867 874 878 891 ‚
906 851 947 884 et
970 843 1296 901 discrepantium
1335 852 1579 885 natm-arum
1602 844 1730 901 possit
1793 829 1796 870 ἶ

383 916 608 961 convenire
631 912 870 956 concordia.
904 912 1050 955 Petrus
1074 914 1207 971 poscit
1241 921 1285 955 ut
1310 913 1476 969 jubeat,
1503 927 1584 954 non
1605 921 1650 954 ut
1668 927 1731 953 ro·
1793 916 1797 962 3

383 998 452 1046 get
478 986 668 1029 Christus
690 999 698 1025 ε
729 983 920 1026 Christus
948 999 1032 1025 non
1069 984 1251 1041 rogavit,
1278 986 1351 1025 sod
1373 983 1494 1039 jussit
1510 991 1551 1024 et
1575 982 1730 1025 sactum
1793 1002 1797 1034 ·{

384 1068 446 1102 est
466 1074 474 1100 :
495 1066 536 1100 et
562 1055 708 1098 Arrius
731 1054 1012 1095 contradicit?

440 1128 486 1171 L.
527 1125 641 1177 Quid
668 1132 730 1165 est
762 1132 900 1164 tamen
934 1125 1046 1179 quod
1069 1124 1189 1165 Pater
1213 1125 1307 1166 velit
1324 1157 1334 1173 ‚
1359 1125 1487 1167 Filius
1509 1125 1642 1167 nolit:
1664 1133 1734 1166 aut
1793 1111 1798 1153 ἶ

384 1197 512 1242 Filius
537 1195 657 1242 velit,
690 1201 730 1235 et
757 1193 882 1234 Pater
909 1193 1045 1235 nolit?
1068 1194 1220 1236 «Pater
1254 1210 1358 1251 quos
1391 1195 1501 1243 vult,
1528 1193 1731 1241 vivificat;
1794 1196 1797 1210 '

385 1277 455 1311 »et
472 1266 601 1309 Filius
624 1279 727 1320 quos
746 1264 857 1311 vult,
879 1262 1106 1312 vivificat&
1132 1282 1146 1302 o
1178 1264 1285 1306 sicut
1315 1265 1517 1322 scriptum
1549 1272 1623 1306 est.
1657 1263 1735 1305 Die
1794 1302 1798 1319 ¹

385 1352 499 1381 nunc
520 1350 624 1393 quos
647 1332 917 1375 vivificaverit
932 1333 1079 1381 Filius,
1099 1344 1139 1375 et
1156 1335 1279 1375 Pater
1302 1333 1512 1376 vivificare
1534 1334 1731 1376 noluerit.

388 1407 495 1450 Cum
519 1413 657 1447 autem
680 1402 810 1445 Filius
827 1417 929 1459 quos
951 1403 1053 1444 volit
1075 1401 1274 1454 vivificet,
1293 1413 1332 1446 et
1357 1403 1543 1461 operatio
1567 1419 1649 1446 una
1667 1403 1734 1452 sit;
1794 1389 1798 1406 ἰ

387 1477 502 1519 vides
519 1474 613 1531 quia
637 1488 721 1514 non
743 1473 878 1514 solum
899 1472 1029 1514 Filius
1052 1473 1311 1515 voluntatem
1328 1473 1482 1524 Patris,
1511 1473 1586 1515 sed
1611 1471 1737 1514 etiam

386 1547 509 1591 Pater
525 1544 618 1587 Filii
640 1542 762 1585 saciat
791 1541 1079 1584 voluntatem?
1103 1542 1216 1593 Quid
1242 1551 1303 1584 est
1331 1551 1470 1584 autem
1494 1541 1707 1584 vivificare
1723 1573 1735 1590 ,
1794 1571 1806 1592 ³·

387 1617 464 1661 nisi
484 1631 559 1673 per
578 1613 672 1657 Filii
689 1612 956 1670 passionem?
978 1611 1119 1654 Passio
1137 1620 1276 1654 autem
1295 1612 1448 1654 Christi
1466 1613 1656 1654 voluntas
1677 1619 1740 1652 est
1804 1615 1806 1643 ἓ

388 1686 534 1731 Patris.
568 1684 684 1736 Quos
707 1698 805 1740 ergo
836 1682 967 1724 Filius
989 1680 1195 1731 vivificat,
1221 1697 1296 1740 per
1317 1682 1449 1725 Patris
1470 1681 1652 1725 vivificat
1671 1695 1740 1723 vo·
1794 1691 1798 1700 ’

389 1759 607 1802 luntatem.
631 1754 720 1795 [na
740 1752 865 1809 igitur
883 1761 944 1794 est
966 1753 1170 1795 voluntas.

446 1826 513 1870 LI.
552 1825 656 1877 Quae
680 1831 819 1865 autem
843 1823 1032 1881 voluntas
1054 1823 1211 1872 Patris,
1238 1823 1316 1865 nisi
1353 1832 1399 1866 ut
1424 1823 1587 1866 veniret
1617 1822 1739 1865 Josus
1794 1815 1799 1831 ¹

389 1899 431 1941 in
448 1897 562 1940 hunc
577 1896 801 1943 mundum,
820 1902 945 1936 etnos
968 1895 1193 1936 mundaret
1209 1909 1230 1935 a
1247 1894 1354 1936 vitiis
1367 1893 1385 1936 P
1398 1894 1509 1937 Audi
1525 1897 1740 1952 leprosum
1794 1884 1799 1926 ἕ

391 1970 626 2013 dicentem:
646 1965 720 2008 «Si
741 1965 801 2007 vis
817 1998 827 2014 ,
846 1977 963 2023 potes
980 1980 1048 2008 me
1069 1966 1289 2008 mundare.
1311 1983 1327 2004 n
1350 1965 1582 2023 Respondit
1603 1965 1742 2008 Chris-

391 2049 479 2088 tus,
504 2056 520 2077 α
541 2036 698 2084 Volo⁵3
725 2054 741 2075 n
776 2043 818 2077 et
854 2036 996 2078 statim
1038 2044 1207 2078 secutus
1239 2044 1301 2078 est
1331 2035 1506 2078 effectus
1537 2035 1736 2078 sanitatis.

389 2110 517 2154 Vides
543 2107 640 2164 quia
656 2105 787 2149 Filius
805 2120 888 2148 suae
907 2106 1064 2148 arbiter
1089 2104 1313 2149 voluntatis
1334 2115 1420 2155 est,
1439 2113 1481 2148 et
1499 2104 1653 2147 Chaisti
1674 2119 1743 2147 vo-

390 2183 528 2226 luntas
553 2179 700 2220 eadem
733 2191 824 2233 quae
855 2184 1028 2233 paterna
1051 2177 1143 2219 est?
1169 2177 1421 2233 Quanquam
1439 2190 1536 2218 cum
1560 2175 1739 2218 dixerit:

402 2269 418 2291 α
445 2249 597 2293 Omnia
617 2262 708 2304 quae
728 2246 849 2289 Pater
866 2246 1018 2296 habet,
1044 2261 1138 2289 mea
1171 2245 1289 2289 sunt⁶
1307 2263 1320 2294 3
1339 2265 1355 2285 »
1379 2245 1467 2288 sine
1491 2245 1620 2287 dubio
1646 2244 1743 2302 quia

390 2321 496 2366 nihil
511 2318 732 2376 excipitur,
758 2331 884 2374 quam
907 2316 1028 2359 Pater
1046 2315 1197 2366 habet,
1226 2316 1418 2359 eamdem
1449 2314 1579 2358 habet
1609 2323 1651 2358 et
1679 2314 1743 2358 Fi-

391 2392 471 2436 lius
497 2390 772 2433 voluntatem.

429 2503 440 2520 ¹
461 2494 661 2532 PsaLxxxnx,
675 2503 706 2535 9.
726 2508 767 2516 —
780 2499 793 2515 ⁸
809 2490 857 2524 Id.
876 2502 943 2527 ιιιι.
958 2491 989 2524 8.
1004 2507 1043 2518 —-
1060 2492 1073 2517 ³
1090 2492 1208 2527 Matth.
1225 2501 1295 2532 xlv,
1315 2491 1370 2529 28.
1392 2509 1430 2519 -
1449 2492 1462 2523 4
1480 2489 1574 2526 Joan.
1592 2500 1622 2531 v,
1641 2500 1737 2523 21.—

385 2549 541 2598 §Matthq
556 2559 630 2590 vui,
646 2557 678 2587 2,
697 2565 734 2596 -7
754 2546 769 2571 θ
786 2546 881 2582 Joan.
897 2547 1034 2588 xv1‚15.
