<?xml version="1.0" encoding="UTF-8"?>
<!DOCTYPE html PUBLIC "-//W3C//DTD XHTML 1.0 Transitional//EN"
    "http://www.w3.org/TR/xhtml1/DTD/xhtml1-transitional.dtd">
<html xmlns="http://www.w3.org/1999/xhtml" xml:lang="en" lang="en">
 <head>
  <title>
</title>
<meta http-equiv="Content-Type" content="text/html;charset=utf-8" />
  <meta name='ocr-system' content='tesseract 3.04.00' />
  <meta name='ocr-capabilities' content='ocr_page ocr_carea ocr_par ocr_line ocrx_word'/>
</head>
<body>
  <div class='ocr_page' id='page_1' title='image "./omniaequaeextant06ambruoft_0365.png"; bbox 0 0 1768 3283; ppageno 0'>
   <div class='ocr_carea' id='block_1_1' title="bbox 0 294 22 2281">
    <p class='ocr_par' dir='ltr' id='par_1_1' title="bbox 0 294 22 2281">
     <span class='ocr_line' id='line_1_1' title="bbox 0 294 22 2281; baseline 0 0"><span class='ocrx_word' id='word_1_1' title='bbox 0 294 22 2281; x_wconf 95' lang='lat' dir='ltr'> </span> 
     </span>
    </p>
   </div>
   <div class='ocr_carea' id='block_1_2' title="bbox 368 287 1379 344">
    <p class='ocr_par' dir='ltr' id='par_1_2' title="bbox 368 287 1379 344">
     <span class='ocr_line' id='line_1_2' title="bbox 368 287 1379 344; baseline 0.001 -18"><span class='ocrx_word' id='word_1_2' title='bbox 368 297 419 326; x_wconf 69' lang='lat' dir='ltr'>nn</span> <span class='ocrx_word' id='word_1_3' title='bbox 454 293 611 326; x_wconf 73' lang='lat' dir='ltr'>smmrv</span> <span class='ocrx_word' id='word_1_4' title='bbox 644 290 820 331; x_wconf 69' lang='lat' dir='ltr'>smero,</span> <span class='ocrx_word' id='word_1_5' title='bbox 857 298 934 326; x_wconf 76' lang='lat' dir='ltr'>mn.</span> <span class='ocrx_word' id='word_1_6' title='bbox 976 299 1019 327; x_wconf 92' lang='grc' dir='ltr'>ιι.</span> <span class='ocrx_word' id='word_1_7' title='bbox 1298 287 1379 344; x_wconf 66' lang='lat'>347</span> 
     </span>
    </p>
   </div>
   <div class='ocr_carea' id='block_1_3' title="bbox 0 362 1380 2252">
    <p class='ocr_par' dir='ltr' id='par_1_3' title="bbox 0 362 1380 558">
     <span class='ocr_line' id='line_1_3' title="bbox 0 362 1380 435; baseline 0.002 -18"><span class='ocrx_word' id='word_1_8' title='bbox 0 362 2 384; x_wconf 65' lang='lat'><em>÷</em></span> <span class='ocrx_word' id='word_1_9' title='bbox 33 373 247 431; x_wconf 82' lang='lat' dir='ltr'><strong>Scriptura</strong></span> <span class='ocrx_word' id='word_1_10' title='bbox 271 375 483 417; x_wconf 85' lang='lat' dir='ltr'>declarare</span> <span class='ocrx_word' id='word_1_11' title='bbox 505 374 732 431; x_wconf 86' lang='lat' dir='ltr'>potuisset,</span> <span class='ocrx_word' id='word_1_12' title='bbox 758 374 865 417; x_wconf 90' lang='lat' dir='ltr'>sicut</span> <span class='ocrx_word' id='word_1_13' title='bbox 883 377 934 418; x_wconf 88' lang='lat' dir='ltr'>de</span> <span class='ocrx_word' id='word_1_14' title='bbox 955 375 1062 419; x_wconf 84' lang='lat' dir='ltr'>Fili-o</span> <span class='ocrx_word' id='word_1_15' title='bbox 1083 375 1159 419; x_wconf 89' lang='lat' dir='ltr'>Dei</span> <span class='ocrx_word' id='word_1_16' title='bbox 1187 378 1380 435; x_wconf 84' lang='lat' dir='ltr'><strong>frequen-</strong></span> 
     </span>
     <span class='ocr_line' id='line_1_4' title="bbox 32 444 1378 502; baseline 0.001 -14"><span class='ocrx_word' id='word_1_17' title='bbox 32 453 94 488; x_wconf 81' lang='lat' dir='ltr'>ter</span> <span class='ocrx_word' id='word_1_18' title='bbox 118 444 293 502; x_wconf 80' lang='lat' dir='ltr'>legimus</span> <span class='ocrx_word' id='word_1_19' title='bbox 324 444 418 500; x_wconf 84' lang='lat' dir='ltr'>quia</span> <span class='ocrx_word' id='word_1_20' title='bbox 449 445 680 486; x_wconf 86' lang='lat' dir='ltr'>secundum</span> <span class='ocrx_word' id='word_1_21' title='bbox 703 459 872 486; x_wconf 84' lang='lat' dir='ltr'>carnem</span> <span class='ocrx_word' id='word_1_22' title='bbox 902 455 943 488; x_wconf 86' lang='lat' dir='ltr'>et</span> <span class='ocrx_word' id='word_1_23' title='bbox 966 446 1097 489; x_wconf 82' lang='lat' dir='ltr'>factus</span> <span class='ocrx_word' id='word_1_24' title='bbox 1117 457 1180 489; x_wconf 86' lang='lat' dir='ltr'>est</span> <span class='ocrx_word' id='word_1_25' title='bbox 1197 456 1239 489; x_wconf 90' lang='lat' dir='ltr'>et</span> <span class='ocrx_word' id='word_1_26' title='bbox 1255 462 1378 490; x_wconf 80' lang='lat' dir='ltr'>crea-</span> 
     </span>
     <span class='ocr_line' id='line_1_5' title="bbox 33 514 141 558; baseline 0.009 -1"><span class='ocrx_word' id='word_1_27' title='bbox 33 524 95 557; x_wconf 91' lang='lat' dir='ltr'>tus</span> <span class='ocrx_word' id='word_1_28' title='bbox 112 514 141 558; x_wconf 79' lang='lat'>¹.</span> 
     </span>
    </p>

    <p class='ocr_par' dir='ltr' id='par_1_4' title="bbox 0 583 1374 2252">
     <span class='ocr_line' id='line_1_6' title="bbox 86 583 1374 644; baseline 0.001 -17"><span class='ocrx_word' id='word_1_29' title='bbox 86 585 192 627; x_wconf 87' lang='lat' dir='ltr'><strong>LIX.</strong></span> <span class='ocrx_word' id='word_1_30' title='bbox 231 583 360 640; x_wconf 90' lang='lat' dir='ltr'>Cujus</span> <span class='ocrx_word' id='word_1_31' title='bbox 385 593 522 626; x_wconf 75' lang='lat' dir='ltr'>tamen</span> <span class='ocrx_word' id='word_1_32' title='bbox 542 585 803 641; x_wconf 83' lang='lat' dir='ltr'>majestatem</span> <span class='ocrx_word' id='word_1_33' title='bbox 825 585 865 627; x_wconf 90' lang='lat' dir='ltr'>in</span> <span class='ocrx_word' id='word_1_34' title='bbox 887 601 935 627; x_wconf 88' lang='lat' dir='ltr'>eo</span> <span class='ocrx_word' id='word_1_35' title='bbox 963 586 1050 644; x_wconf 91' lang='lat' dir='ltr'>ipso</span> <span class='ocrx_word' id='word_1_36' title='bbox 1074 586 1187 644; x_wconf 91' lang='lat' dir='ltr'>quod</span> <span class='ocrx_word' id='word_1_37' title='bbox 1205 602 1374 630; x_wconf 85' lang='lat' dir='ltr'>carnem</span> 
     </span>
     <span class='ocr_line' id='line_1_7' title="bbox 28 654 1373 712; baseline 0.003 -18"><span class='ocrx_word' id='word_1_38' title='bbox 28 669 102 712; x_wconf 90' lang='lat' dir='ltr'>pro</span> <span class='ocrx_word' id='word_1_39' title='bbox 125 654 243 695; x_wconf 80' lang='lat' dir='ltr'>nobis</span> <span class='ocrx_word' id='word_1_40' title='bbox 266 654 464 710; x_wconf 75' lang='lat' dir='ltr'>suscepit,</span> <span class='ocrx_word' id='word_1_41' title='bbox 485 654 749 696; x_wconf 86' lang='lat' dir='ltr'>considerare</span> <span class='ocrx_word' id='word_1_42' title='bbox 773 670 846 696; x_wconf 89' lang='lat' dir='ltr'>nos</span> <span class='ocrx_word' id='word_1_43' title='bbox 869 655 1096 704; x_wconf 82' lang='lat' dir='ltr'>convenit3</span> <span class='ocrx_word' id='word_1_44' title='bbox 1123 664 1168 698; x_wconf 89' lang='lat' dir='ltr'>ut</span> <span class='ocrx_word' id='word_1_45' title='bbox 1191 656 1373 698; x_wconf 81' lang='lat' dir='ltr'>divinam</span> 
     </span>
     <span class='ocr_line' id='line_1_8' title="bbox 28 725 1372 782; baseline 0.003 -17"><span class='ocrx_word' id='word_1_46' title='bbox 28 725 255 782; x_wconf 86' lang='lat' dir='ltr'>potentiam</span> <span class='ocrx_word' id='word_1_47' title='bbox 279 725 317 766; x_wconf 93' lang='lat' dir='ltr'>in</span> <span class='ocrx_word' id='word_1_48' title='bbox 338 725 422 782; x_wconf 84' lang='lat' dir='ltr'>ipsa</span> <span class='ocrx_word' id='word_1_49' title='bbox 442 725 627 781; x_wconf 88' lang='lat' dir='ltr'>corporis</span> <span class='ocrx_word' id='word_1_50' title='bbox 647 726 930 782; x_wconf 84' lang='lat' dir='ltr'>assumptione</span> <span class='ocrx_word' id='word_1_51' title='bbox 950 726 1178 769; x_wconf 81' lang='lat' dir='ltr'>videamus.</span> <span class='ocrx_word' id='word_1_52' title='bbox 1205 726 1372 769; x_wconf 80' lang='lat' dir='ltr'><strong>Etenim</strong></span> 
     </span>
     <span class='ocr_line' id='line_1_9' title="bbox 27 793 1370 850; baseline 0.002 -15"><span class='ocrx_word' id='word_1_53' title='bbox 27 794 132 835; x_wconf 84' lang='lat' dir='ltr'>sicut</span> <span class='ocrx_word' id='word_1_54' title='bbox 163 794 337 850; x_wconf 79' lang='lat' dir='ltr'>legimns</span> <span class='ocrx_word' id='word_1_55' title='bbox 360 793 452 850; x_wconf 74' lang='lat' dir='ltr'>quia</span> <span class='ocrx_word' id='word_1_56' title='bbox 481 795 635 835; x_wconf 83' lang='lat' dir='ltr'>creavit</span> <span class='ocrx_word' id='word_1_57' title='bbox 665 795 786 835; x_wconf 84' lang='lat' dir='ltr'>Pater</span> <span class='ocrx_word' id='word_1_58' title='bbox 810 796 1042 838; x_wconf 79' lang='lat' dir='ltr'>Dominieae</span> <span class='ocrx_word' id='word_1_59' title='bbox 1069 796 1370 838; x_wconf 75' lang='lat' dir='ltr'>incarnationis</span> 
     </span>
     <span class='ocr_line' id='line_1_10' title="bbox 27 864 1370 924; baseline 0.002 -18"><span class='ocrx_word' id='word_1_60' title='bbox 27 874 350 911; x_wconf 80' lang='lat' dir='ltr'>sacramentum,</span> <span class='ocrx_word' id='word_1_61' title='bbox 372 865 525 906; x_wconf 78' lang='lat' dir='ltr'>creavit</span> <span class='ocrx_word' id='word_1_62' title='bbox 547 873 587 906; x_wconf 90' lang='lat' dir='ltr'>et</span> <span class='ocrx_word' id='word_1_63' title='bbox 611 864 788 922; x_wconf 80' lang='lat' dir='ltr'>Spiritus</span> <span class='ocrx_word' id='word_1_64' title='bbox 809 881 818 906; x_wconf 92' lang='lat'>:</span> <span class='ocrx_word' id='word_1_65' title='bbox 845 865 898 907; x_wconf 86' lang='lat' dir='ltr'>ita</span> <span class='ocrx_word' id='word_1_66' title='bbox 919 866 1044 908; x_wconf 84' lang='lat' dir='ltr'>etiam</span> <span class='ocrx_word' id='word_1_67' title='bbox 1063 867 1238 924; x_wconf 85' lang='lat' dir='ltr'>legimus</span> <span class='ocrx_word' id='word_1_68' title='bbox 1255 869 1370 923; x_wconf 87' lang='lat' dir='ltr'>quod</span> 
     </span>
     <span class='ocr_line' id='line_1_11' title="bbox 24 934 1365 991; baseline 0.002 -16"><span class='ocrx_word' id='word_1_69' title='bbox 24 942 65 987; x_wconf 89' lang='lat' dir='ltr'>et</span> <span class='ocrx_word' id='word_1_70' title='bbox 82 934 169 991; x_wconf 88' lang='lat' dir='ltr'>ipse</span> <span class='ocrx_word' id='word_1_71' title='bbox 187 934 377 976; x_wconf 90' lang='lat' dir='ltr'>Christus</span> <span class='ocrx_word' id='word_1_72' title='bbox 401 950 523 976; x_wconf 86' lang='lat' dir='ltr'>suum</span> <span class='ocrx_word' id='word_1_73' title='bbox 544 950 695 991; x_wconf 89' lang='lat' dir='ltr'>corpus</span> <span class='ocrx_word' id='word_1_74' title='bbox 717 936 897 985; x_wconf 81' lang='lat' dir='ltr'>creavit3</span> <span class='ocrx_word' id='word_1_75' title='bbox 917 937 1073 979; x_wconf 77' lang='lat' dir='ltr'>creavit</span> <span class='ocrx_word' id='word_1_76' title='bbox 1094 937 1206 979; x_wconf 85' lang='lat' dir='ltr'>enim</span> <span class='ocrx_word' id='word_1_77' title='bbox 1228 937 1365 985; x_wconf 83' lang='lat' dir='ltr'>Pater,</span> 
     </span>
     <span class='ocr_line' id='line_1_12' title="bbox 25 1005 1356 1061; baseline 0.003 -17"><span class='ocrx_word' id='word_1_78' title='bbox 25 1005 254 1045; x_wconf 84' lang='lat' dir='ltr'>secundum</span> <span class='ocrx_word' id='word_1_79' title='bbox 286 1006 398 1061; x_wconf 87' lang='lat' dir='ltr'>quod</span> <span class='ocrx_word' id='word_1_80' title='bbox 420 1005 623 1061; x_wconf 86' lang='lat' dir='ltr'>scriptum</span> <span class='ocrx_word' id='word_1_81' title='bbox 646 1013 708 1047; x_wconf 86' lang='lat' dir='ltr'>est</span> <span class='ocrx_word' id='word_1_82' title='bbox 732 1020 771 1046; x_wconf 75' lang='lat' dir='ltr'>:a</span> <span class='ocrx_word' id='word_1_83' title='bbox 795 1006 997 1048; x_wconf 88' lang='lat' dir='ltr'>Dominus</span> <span class='ocrx_word' id='word_1_84' title='bbox 1019 1007 1176 1049; x_wconf 81' lang='lat' dir='ltr'>creavit</span> <span class='ocrx_word' id='word_1_85' title='bbox 1198 1005 1316 1055; x_wconf 77' lang='lat' dir='ltr'>me²3</span> <span class='ocrx_word' id='word_1_86' title='bbox 1339 1025 1356 1044; x_wconf 68' lang='grc' dir='ltr'><strong>υ</strong></span> 
     </span>
     <span class='ocr_line' id='line_1_13' title="bbox 0 1074 1364 1123; baseline 0.002 -9"><span class='ocrx_word' id='word_1_87' title='bbox 0 1081 62 1115; x_wconf 72' lang='lat' dir='ltr'>&#39;et</span> <span class='ocrx_word' id='word_1_88' title='bbox 84 1074 180 1116; x_wconf 82' lang='lat' dir='ltr'>alibi</span> <span class='ocrx_word' id='word_1_89' title='bbox 211 1091 252 1115; x_wconf 75' lang='lat' dir='ltr'>z«</span> <span class='ocrx_word' id='word_1_90' title='bbox 274 1075 383 1116; x_wconf 83' lang='lat' dir='ltr'>Misit</span> <span class='ocrx_word' id='word_1_91' title='bbox 410 1076 520 1116; x_wconf 88' lang='lat' dir='ltr'>Deus</span> <span class='ocrx_word' id='word_1_92' title='bbox 553 1075 703 1116; x_wconf 85' lang='lat' dir='ltr'>Filium</span> <span class='ocrx_word' id='word_1_93' title='bbox 738 1091 860 1116; x_wconf 89' lang='lat' dir='ltr'>suum</span> <span class='ocrx_word' id='word_1_94' title='bbox 894 1076 1051 1118; x_wconf 78' lang='lat' dir='ltr'>factum</span> <span class='ocrx_word' id='word_1_95' title='bbox 1083 1092 1132 1118; x_wconf 88' lang='lat' dir='ltr'>ex</span> <span class='ocrx_word' id='word_1_96' title='bbox 1161 1077 1364 1123; x_wconf 87' lang='lat' dir='ltr'>muliere,</span> 
     </span>
     <span class='ocr_line' id='line_1_14' title="bbox 22 1144 1366 1203; baseline 0.002 -20"><span class='ocrx_word' id='word_1_97' title='bbox 22 1144 204 1186; x_wconf 76' lang='lat' dir='ltr'>»factum</span> <span class='ocrx_word' id='word_1_98' title='bbox 228 1145 302 1186; x_wconf 85' lang='lat' dir='ltr'>sub</span> <span class='ocrx_word' id='word_1_99' title='bbox 325 1145 474 1202; x_wconf 80' lang='lat' dir='ltr'>Lege³.</span> <span class='ocrx_word' id='word_1_100' title='bbox 502 1164 516 1183; x_wconf 70' lang='grc' dir='ltr'>ι)</span> <span class='ocrx_word' id='word_1_101' title='bbox 540 1145 703 1186; x_wconf 82' lang='lat' dir='ltr'>Creavit</span> <span class='ocrx_word' id='word_1_102' title='bbox 725 1155 760 1187; x_wconf 85' lang='lat' dir='ltr'>et</span> <span class='ocrx_word' id='word_1_103' title='bbox 789 1146 965 1203; x_wconf 80' lang='lat' dir='ltr'>Spiritus</span> <span class='ocrx_word' id='word_1_104' title='bbox 985 1145 1085 1187; x_wconf 85' lang='lat' dir='ltr'>illud</span> <span class='ocrx_word' id='word_1_105' title='bbox 1109 1161 1234 1188; x_wconf 89' lang='lat' dir='ltr'>omne</span> <span class='ocrx_word' id='word_1_106' title='bbox 1257 1160 1366 1202; x_wconf 82' lang='lat' dir='ltr'>mys·</span> 
     </span>
     <span class='ocr_line' id='line_1_15' title="bbox 21 1212 1365 1272; baseline 0 -17"><span class='ocrx_word' id='word_1_107' title='bbox 21 1212 188 1262; x_wconf 89' lang='lat' dir='ltr'>terium,</span> <span class='ocrx_word' id='word_1_108' title='bbox 210 1216 442 1256; x_wconf 87' lang='lat' dir='ltr'>secundum</span> <span class='ocrx_word' id='word_1_109' title='bbox 466 1217 577 1272; x_wconf 85' lang='lat' dir='ltr'>quod</span> <span class='ocrx_word' id='word_1_110' title='bbox 600 1215 775 1271; x_wconf 77' lang='lat' dir='ltr'>legimus</span> <span class='ocrx_word' id='word_1_111' title='bbox 790 1248 799 1262; x_wconf 93' lang='lat'><strong><em>‚</em></strong></span> <span class='ocrx_word' id='word_1_112' title='bbox 821 1216 946 1271; x_wconf 71' lang='lat' dir='ltr'>quia«</span> <span class='ocrx_word' id='word_1_113' title='bbox 967 1217 1138 1257; x_wconf 84' lang='lat' dir='ltr'>Inventa</span> <span class='ocrx_word' id='word_1_114' title='bbox 1156 1223 1218 1257; x_wconf 90' lang='lat' dir='ltr'>est</span> <span class='ocrx_word' id='word_1_115' title='bbox 1238 1213 1365 1256; x_wconf 81' lang='lat' dir='ltr'>Maria</span> 
     </span>
     <span class='ocr_line' id='line_1_16' title="bbox 21 1284 922 1343; baseline -0.001 -18"><span class='ocrx_word' id='word_1_116' title='bbox 21 1284 88 1326; x_wconf 81' lang='lat' dir='ltr'>»in</span> <span class='ocrx_word' id='word_1_117' title='bbox 116 1293 235 1327; x_wconf 88' lang='lat' dir='ltr'>utero</span> <span class='ocrx_word' id='word_1_118' title='bbox 260 1285 418 1327; x_wconf 79' lang='lat' dir='ltr'>hahens</span> <span class='ocrx_word' id='word_1_119' title='bbox 446 1302 495 1327; x_wconf 87' lang='lat' dir='ltr'>ex</span> <span class='ocrx_word' id='word_1_120' title='bbox 518 1285 675 1343; x_wconf 82' lang='lat' dir='ltr'>Spiritu</span> <span class='ocrx_word' id='word_1_121' title='bbox 696 1286 883 1328; x_wconf 75' lang='lat' dir='ltr'>sancto⁶.</span> <span class='ocrx_word' id='word_1_122' title='bbox 907 1306 922 1324; x_wconf 89' lang='lat'>»</span> 
     </span>
     <span class='ocr_line' id='line_1_17' title="bbox 37 1343 1365 1411; baseline -0.001 -15"><span class='ocrx_word' id='word_1_123' title='bbox 37 1343 41 1356; x_wconf 56' lang='lat'>⁸</span> <span class='ocrx_word' id='word_1_124' title='bbox 76 1353 165 1397; x_wconf 89' lang='lat' dir='ltr'>LX.</span> <span class='ocrx_word' id='word_1_125' title='bbox 204 1356 339 1396; x_wconf 82' lang='lat' dir='ltr'>Habes</span> <span class='ocrx_word' id='word_1_126' title='bbox 359 1356 453 1411; x_wconf 83' lang='lat' dir='ltr'>quia</span> <span class='ocrx_word' id='word_1_127' title='bbox 477 1356 632 1397; x_wconf 83' lang='lat' dir='ltr'>creavit</span> <span class='ocrx_word' id='word_1_128' title='bbox 656 1356 795 1402; x_wconf 83' lang='lat' dir='ltr'>Pater,</span> <span class='ocrx_word' id='word_1_129' title='bbox 819 1355 976 1397; x_wconf 79' lang='lat' dir='ltr'>creavit</span> <span class='ocrx_word' id='word_1_130' title='bbox 997 1363 1038 1396; x_wconf 93' lang='lat' dir='ltr'>et</span> <span class='ocrx_word' id='word_1_131' title='bbox 1055 1354 1234 1411; x_wconf 88' lang='lat' dir='ltr'>Spiritus</span> <span class='ocrx_word' id='word_1_132' title='bbox 1255 1368 1264 1394; x_wconf 72' lang='grc' dir='ltr'>ι</span> <span class='ocrx_word' id='word_1_133' title='bbox 1293 1368 1365 1396; x_wconf 86' lang='lat' dir='ltr'>ac-</span> 
     </span>
     <span class='ocr_line' id='line_1_18' title="bbox 21 1422 1362 1480; baseline -0.001 -14"><span class='ocrx_word' id='word_1_134' title='bbox 21 1423 108 1480; x_wconf 84' lang='lat' dir='ltr'>cipe</span> <span class='ocrx_word' id='word_1_135' title='bbox 130 1424 224 1480; x_wconf 81' lang='lat' dir='ltr'>quia</span> <span class='ocrx_word' id='word_1_136' title='bbox 255 1424 410 1466; x_wconf 82' lang='lat' dir='ltr'>creavit</span> <span class='ocrx_word' id='word_1_137' title='bbox 437 1434 473 1465; x_wconf 84' lang='lat' dir='ltr'>et</span> <span class='ocrx_word' id='word_1_138' title='bbox 504 1425 633 1466; x_wconf 86' lang='lat' dir='ltr'>Filius</span> <span class='ocrx_word' id='word_1_139' title='bbox 656 1425 757 1472; x_wconf 88' lang='lat' dir='ltr'>Dei,</span> <span class='ocrx_word' id='word_1_140' title='bbox 784 1425 948 1467; x_wconf 83' lang='lat' dir='ltr'>dicente</span> <span class='ocrx_word' id='word_1_141' title='bbox 975 1425 1197 1466; x_wconf 85' lang='lat' dir='ltr'>Salomone</span> <span class='ocrx_word' id='word_1_142' title='bbox 1221 1438 1263 1465; x_wconf 77' lang='lat' dir='ltr'>z«</span> <span class='ocrx_word' id='word_1_143' title='bbox 1286 1422 1362 1465; x_wconf 84' lang='lat' dir='ltr'>Sa-</span> 
     </span>
     <span class='ocr_line' id='line_1_19' title="bbox 19 1491 1362 1551; baseline 0.001 -19"><span class='ocrx_word' id='word_1_144' title='bbox 19 1494 197 1551; x_wconf 79' lang='lat' dir='ltr'>»pientia</span> <span class='ocrx_word' id='word_1_145' title='bbox 233 1493 329 1536; x_wconf 81' lang='lat' dir='ltr'>fecit</span> <span class='ocrx_word' id='word_1_146' title='bbox 357 1495 433 1535; x_wconf 82' lang='lat' dir='ltr'>sibi</span> <span class='ocrx_word' id='word_1_147' title='bbox 464 1494 681 1535; x_wconf 76' lang='lat' dir='ltr'>domnn1⁵.</span> <span class='ocrx_word' id='word_1_148' title='bbox 719 1512 734 1532; x_wconf 71' lang='grc' dir='ltr'>ι)</span> <span class='ocrx_word' id='word_1_149' title='bbox 758 1494 866 1551; x_wconf 74' lang='lat' dir='ltr'>Ergo</span> <span class='ocrx_word' id='word_1_150' title='bbox 893 1493 1070 1551; x_wconf 88' lang='lat' dir='ltr'>Spiritus</span> <span class='ocrx_word' id='word_1_151' title='bbox 1099 1501 1270 1535; x_wconf 83' lang='lat' dir='ltr'>sanctus</span> <span class='ocrx_word' id='word_1_152' title='bbox 1291 1491 1362 1550; x_wconf 87' lang='lat' dir='ltr'>qui</span> 
     </span>
     <span class='ocr_line' id='line_1_20' title="bbox 18 1563 1362 1620; baseline -0.003 -13"><span class='ocrx_word' id='word_1_153' title='bbox 18 1567 171 1608; x_wconf 84' lang='lat' dir='ltr'>creavit</span> <span class='ocrx_word' id='word_1_154' title='bbox 195 1566 427 1608; x_wconf 85' lang='lat' dir='ltr'>Dominicae</span> <span class='ocrx_word' id='word_1_155' title='bbox 459 1565 759 1606; x_wconf 79' lang='lat' dir='ltr'>incarnationis</span> <span class='ocrx_word' id='word_1_156' title='bbox 792 1573 1127 1614; x_wconf 80' lang='lat' dir='ltr'>sacramentum,</span> <span class='ocrx_word' id='word_1_157' title='bbox 1158 1563 1270 1620; x_wconf 89' lang='lat' dir='ltr'>quod</span> <span class='ocrx_word' id='word_1_158' title='bbox 1293 1578 1362 1604; x_wconf 86' lang='lat' dir='ltr'>su·</span> 
     </span>
     <span class='ocr_line' id='line_1_21' title="bbox 16 1630 1362 1692; baseline -0.002 -16"><span class='ocrx_word' id='word_1_159' title='bbox 16 1649 88 1692; x_wconf 88' lang='lat' dir='ltr'>per</span> <span class='ocrx_word' id='word_1_160' title='bbox 109 1650 253 1677; x_wconf 88' lang='lat' dir='ltr'>omnes</span> <span class='ocrx_word' id='word_1_161' title='bbox 279 1644 339 1677; x_wconf 85' lang='lat' dir='ltr'>cst</span> <span class='ocrx_word' id='word_1_162' title='bbox 364 1645 598 1683; x_wconf 83' lang='lat' dir='ltr'>creaturas,</span> <span class='ocrx_word' id='word_1_163' title='bbox 631 1636 843 1690; x_wconf 82' lang='lat' dir='ltr'>quomodo</span> <span class='ocrx_word' id='word_1_164' title='bbox 871 1650 959 1675; x_wconf 87' lang='lat' dir='ltr'>esse</span> <span class='ocrx_word' id='word_1_165' title='bbox 982 1643 1119 1691; x_wconf 89' lang='lat' dir='ltr'>potest</span> <span class='ocrx_word' id='word_1_166' title='bbox 1140 1630 1362 1675; x_wconf 71' lang='lat' dir='ltr'>creatura?</span> 
     </span>
     <span class='ocr_line' id='line_1_22' title="bbox 33 1702 1359 1766; baseline -0.003 -19"><span class='ocrx_word' id='word_1_167' title='bbox 33 1758 36 1766; x_wconf 16' lang='grc' dir='ltr'><em>β</em></span> <span class='ocrx_word' id='word_1_168' title='bbox 73 1703 181 1747; x_wconf 89' lang='lat' dir='ltr'><strong>LXI.</strong></span> <span class='ocrx_word' id='word_1_169' title='bbox 210 1705 270 1746; x_wconf 87' lang='lat' dir='ltr'>De</span> <span class='ocrx_word' id='word_1_170' title='bbox 291 1705 559 1762; x_wconf 78' lang='lat' dir='ltr'>generalitate</span> <span class='ocrx_word' id='word_1_171' title='bbox 583 1713 722 1746; x_wconf 83' lang='lat' dir='ltr'>autem</span> <span class='ocrx_word' id='word_1_172' title='bbox 746 1719 869 1761; x_wconf 84' lang='lat' dir='ltr'>supra</span> <span class='ocrx_word' id='word_1_173' title='bbox 894 1703 1154 1745; x_wconf 80' lang='lat' dir='ltr'>ostendimus</span> <span class='ocrx_word' id='word_1_174' title='bbox 1175 1702 1271 1758; x_wconf 87' lang='lat' dir='ltr'>quia</span> <span class='ocrx_word' id='word_1_175' title='bbox 1294 1716 1359 1743; x_wconf 83' lang='lat' dir='ltr'>se-</span> 
     </span>
     <span class='ocr_line' id='line_1_23' title="bbox 16 1770 1360 1830; baseline -0.004 -13"><span class='ocrx_word' id='word_1_176' title='bbox 16 1772 206 1817; x_wconf 79' lang='lat' dir='ltr'>cundum</span> <span class='ocrx_word' id='word_1_177' title='bbox 238 1770 408 1818; x_wconf 58' lang='lat' dir='ltr'>curnem</span> <span class='ocrx_word' id='word_1_178' title='bbox 443 1784 608 1817; x_wconf 70' lang='lat' dir='ltr'>creator</span> <span class='ocrx_word' id='word_1_179' title='bbox 644 1783 703 1816; x_wconf 86' lang='lat' dir='ltr'>est</span> <span class='ocrx_word' id='word_1_180' title='bbox 741 1783 882 1816; x_wconf 84' lang='lat' dir='ltr'>noster</span> <span class='ocrx_word' id='word_1_181' title='bbox 917 1774 1096 1830; x_wconf 84' lang='lat' dir='ltr'>Spiritus</span> <span class='ocrx_word' id='word_1_182' title='bbox 1128 1780 1298 1814; x_wconf 85' lang='lat' dir='ltr'>sanctus</span> <span class='ocrx_word' id='word_1_183' title='bbox 1319 1771 1360 1812; x_wconf 91' lang='lat' dir='ltr'>in</span> 
     </span>
     <span class='ocr_line' id='line_1_24' title="bbox 14 1843 1359 1900; baseline -0.003 -14"><span class='ocrx_word' id='word_1_184' title='bbox 14 1843 180 1887; x_wconf 89' lang='lat' dir='ltr'>homine</span> <span class='ocrx_word' id='word_1_185' title='bbox 201 1845 403 1888; x_wconf 82' lang='lat' dir='ltr'>exteriore</span> <span class='ocrx_word' id='word_1_186' title='bbox 422 1861 428 1885; x_wconf 88' lang='lat'><strong>:</strong></span> <span class='ocrx_word' id='word_1_187' title='bbox 454 1859 566 1885; x_wconf 87' lang='lat' dir='ltr'>nunc</span> <span class='ocrx_word' id='word_1_188' title='bbox 585 1845 855 1886; x_wconf 80' lang='lat' dir='ltr'>ostendamus</span> <span class='ocrx_word' id='word_1_189' title='bbox 874 1843 968 1900; x_wconf 83' lang='lat' dir='ltr'>quia</span> <span class='ocrx_word' id='word_1_190' title='bbox 995 1851 1160 1884; x_wconf 82' lang='lat' dir='ltr'>creator</span> <span class='ocrx_word' id='word_1_191' title='bbox 1179 1850 1241 1883; x_wconf 82' lang='lat' dir='ltr'>est</span> <span class='ocrx_word' id='word_1_192' title='bbox 1259 1856 1359 1882; x_wconf 86' lang='lat' dir='ltr'>nos-</span> 
     </span>
     <span class='ocr_line' id='line_1_25' title="bbox 15 1912 1360 1971; baseline -0.002 -16"><span class='ocrx_word' id='word_1_193' title='bbox 15 1922 91 1963; x_wconf 82' lang='lat' dir='ltr'>ter,</span> <span class='ocrx_word' id='word_1_194' title='bbox 114 1915 240 1957; x_wconf 82' lang='lat' dir='ltr'>etiam</span> <span class='ocrx_word' id='word_1_195' title='bbox 263 1916 494 1957; x_wconf 86' lang='lat' dir='ltr'>secundum</span> <span class='ocrx_word' id='word_1_196' title='bbox 518 1915 659 1971; x_wconf 61' lang='lat' dir='ltr'>gratia}</span> <span class='ocrx_word' id='word_1_197' title='bbox 687 1922 1012 1956; x_wconf 80' lang='lat' dir='ltr'>sacramentum.</span> <span class='ocrx_word' id='word_1_198' title='bbox 1041 1912 1092 1954; x_wconf 88' lang='lat' dir='ltr'>Et</span> <span class='ocrx_word' id='word_1_199' title='bbox 1114 1912 1222 1954; x_wconf 89' lang='lat' dir='ltr'>sicut</span> <span class='ocrx_word' id='word_1_200' title='bbox 1245 1917 1360 1953; x_wconf 83' lang='lat' dir='ltr'>creat</span> 
     </span>
     <span class='ocr_line' id='line_1_26' title="bbox 12 1973 1356 2044; baseline -0.004 -17"><span class='ocrx_word' id='word_1_201' title='bbox 12 1973 213 2044; x_wconf 40' lang='lat' dir='ltr'>lI&#39;aterjta</span> <span class='ocrx_word' id='word_1_202' title='bbox 231 1995 344 2028; x_wconf 83' lang='lat' dir='ltr'>creat</span> <span class='ocrx_word' id='word_1_203' title='bbox 360 1994 402 2027; x_wconf 88' lang='lat' dir='ltr'>et</span> <span class='ocrx_word' id='word_1_204' title='bbox 414 1985 557 2033; x_wconf 84' lang='lat' dir='ltr'>Filius,</span> <span class='ocrx_word' id='word_1_205' title='bbox 580 1986 634 2026; x_wconf 83' lang='lat' dir='ltr'>ita</span> <span class='ocrx_word' id='word_1_206' title='bbox 654 1994 767 2027; x_wconf 82' lang='lat' dir='ltr'>creat</span> <span class='ocrx_word' id='word_1_207' title='bbox 786 1994 825 2026; x_wconf 90' lang='lat' dir='ltr'>et</span> <span class='ocrx_word' id='word_1_208' title='bbox 848 1985 1025 2041; x_wconf 87' lang='lat' dir='ltr'>Spiritus</span> <span class='ocrx_word' id='word_1_209' title='bbox 1044 1991 1228 2028; x_wconf 82' lang='lat' dir='ltr'>sanctus,</span> <span class='ocrx_word' id='word_1_210' title='bbox 1249 1981 1356 2023; x_wconf 87' lang='lat' dir='ltr'>sicut</span> 
     </span>
     <span class='ocr_line' id='line_1_27' title="bbox 12 2054 1360 2112; baseline -0.005 -14"><span class='ocrx_word' id='word_1_211' title='bbox 12 2055 202 2112; x_wconf 87' lang='lat' dir='ltr'>legimus,</span> <span class='ocrx_word' id='word_1_212' title='bbox 226 2056 391 2097; x_wconf 85' lang='lat' dir='ltr'>dicente</span> <span class='ocrx_word' id='word_1_213' title='bbox 424 2055 550 2096; x_wconf 77' lang='lat' dir='ltr'>Paulo</span> <span class='ocrx_word' id='word_1_214' title='bbox 578 2070 586 2095; x_wconf 87' lang='lat'><strong>:</strong></span> <span class='ocrx_word' id='word_1_215' title='bbox 616 2074 630 2093; x_wconf 79' lang='lat' dir='ltr'><strong><em>a</em></strong></span> <span class='ocrx_word' id='word_1_216' title='bbox 664 2055 739 2096; x_wconf 89' lang='lat' dir='ltr'>Dei</span> <span class='ocrx_word' id='word_1_217' title='bbox 765 2054 875 2095; x_wconf 85' lang='lat' dir='ltr'>enim</span> <span class='ocrx_word' id='word_1_218' title='bbox 909 2055 1065 2095; x_wconf 83' lang='lat' dir='ltr'>donum</span> <span class='ocrx_word' id='word_1_219' title='bbox 1095 2059 1180 2098; x_wconf 90' lang='lat' dir='ltr'>est,</span> <span class='ocrx_word' id='word_1_220' title='bbox 1209 2065 1293 2091; x_wconf 90' lang='lat' dir='ltr'>non</span> <span class='ocrx_word' id='word_1_221' title='bbox 1310 2064 1360 2092; x_wconf 87' lang='lat' dir='ltr'>ex</span> 
     </span>
     <span class='ocr_line' id='line_1_28' title="bbox 11 2122 1357 2185; baseline -0.003 -19"><span class='ocrx_word' id='word_1_222' title='bbox 11 2127 251 2185; x_wconf 76' lang='lat' dir='ltr'>»operibus,</span> <span class='ocrx_word' id='word_1_223' title='bbox 274 2142 325 2168; x_wconf 88' lang='lat' dir='ltr'>ne</span> <span class='ocrx_word' id='word_1_224' title='bbox 349 2126 439 2182; x_wconf 89' lang='lat' dir='ltr'>quis</span> <span class='ocrx_word' id='word_1_225' title='bbox 465 2126 690 2183; x_wconf 81' lang='lat' dir='ltr'>glorietur;</span> <span class='ocrx_word' id='word_1_226' title='bbox 721 2125 847 2182; x_wconf 70' lang='lat' dir='ltr'>ipsius</span> <span class='ocrx_word' id='word_1_227' title='bbox 867 2124 978 2165; x_wconf 86' lang='lat' dir='ltr'>enim</span> <span class='ocrx_word' id='word_1_228' title='bbox 1001 2138 1144 2164; x_wconf 85' lang='lat' dir='ltr'>sumus</span> <span class='ocrx_word' id='word_1_229' title='bbox 1171 2122 1329 2164; x_wconf 79' lang='lat' dir='ltr'>factura</span> <span class='ocrx_word' id='word_1_230' title='bbox 1347 2153 1357 2169; x_wconf 85' lang='lat'><strong>,</strong></span> 
     </span>
     <span class='ocr_line' id='line_1_29' title="bbox 12 2192 1044 2252; baseline -0.006 -13"><span class='ocrx_word' id='word_1_231' title='bbox 12 2196 164 2239; x_wconf 79' lang='lat' dir='ltr'>»creati</span> <span class='ocrx_word' id='word_1_232' title='bbox 183 2197 224 2238; x_wconf 90' lang='lat' dir='ltr'>in</span> <span class='ocrx_word' id='word_1_233' title='bbox 253 2196 419 2238; x_wconf 89' lang='lat' dir='ltr'>Christo</span> <span class='ocrx_word' id='word_1_234' title='bbox 441 2195 540 2237; x_wconf 87' lang='lat' dir='ltr'>Jesu</span> <span class='ocrx_word' id='word_1_235' title='bbox 559 2195 600 2236; x_wconf 90' lang='lat' dir='ltr'>in</span> <span class='ocrx_word' id='word_1_236' title='bbox 619 2195 815 2252; x_wconf 88' lang='lat' dir='ltr'>operibus</span> <span class='ocrx_word' id='word_1_237' title='bbox 837 2192 999 2235; x_wconf 79' lang='lat' dir='ltr'>bonis⁶.</span> <span class='ocrx_word' id='word_1_238' title='bbox 1030 2212 1044 2230; x_wconf 70' lang='grc' dir='ltr'>τ,-</span> 
     </span>
    </p>
   </div>
   <div class='ocr_carea' id='block_1_4' title="bbox 14 2282 1358 2385">
    <p class='ocr_par' dir='ltr' id='par_1_5' title="bbox 14 2282 1358 2385">
     <span class='ocr_line' id='line_1_30' title="bbox 55 2282 1358 2326; baseline -0.005 -7"><span class='ocrx_word' id='word_1_239' title='bbox 55 2295 63 2309; x_wconf 83' lang='lat'>&#39;</span> <span class='ocrx_word' id='word_1_240' title='bbox 85 2288 181 2320; x_wconf 83' lang='lat' dir='ltr'>Rom.</span> <span class='ocrx_word' id='word_1_241' title='bbox 201 2299 225 2326; x_wconf 85' lang='lat'>1,</span> <span class='ocrx_word' id='word_1_242' title='bbox 242 2288 271 2318; x_wconf 80' lang='lat'>3.</span> <span class='ocrx_word' id='word_1_243' title='bbox 291 2306 331 2311; x_wconf 87' lang='lat'>—-</span> <span class='ocrx_word' id='word_1_244' title='bbox 347 2295 358 2308; x_wconf 79' lang='lat'><strong>¹</strong></span> <span class='ocrx_word' id='word_1_245' title='bbox 378 2287 473 2319; x_wconf 85' lang='lat' dir='ltr'>Prov.</span> <span class='ocrx_word' id='word_1_246' title='bbox 499 2298 571 2323; x_wconf 72' lang='lat' dir='ltr'>vin,</span> <span class='ocrx_word' id='word_1_247' title='bbox 592 2286 642 2318; x_wconf 78' lang='lat'>23.</span> <span class='ocrx_word' id='word_1_248' title='bbox 656 2303 696 2310; x_wconf 45' lang='grc' dir='ltr'>κ-</span> <span class='ocrx_word' id='word_1_249' title='bbox 715 2289 727 2309; x_wconf 85' lang='lat'><em>³</em></span> <span class='ocrx_word' id='word_1_250' title='bbox 747 2287 851 2317; x_wconf 68' lang='lat' dir='ltr'>Gaiut.</span> <span class='ocrx_word' id='word_1_251' title='bbox 870 2296 914 2323; x_wconf 75' lang='lat' dir='ltr'>iv,</span> <span class='ocrx_word' id='word_1_252' title='bbox 929 2286 959 2321; x_wconf 75' lang='grc'>4.</span> <span class='ocrx_word' id='word_1_253' title='bbox 976 2302 1015 2308; x_wconf 92' lang='lat'>—</span> <span class='ocrx_word' id='word_1_254' title='bbox 1038 2287 1050 2310; x_wconf 78' lang='lat'><strong>⁴</strong></span> <span class='ocrx_word' id='word_1_255' title='bbox 1073 2283 1189 2316; x_wconf 76' lang='lat' dir='ltr'>Matth.</span> <span class='ocrx_word' id='word_1_256' title='bbox 1209 2293 1230 2320; x_wconf 89' lang='grc' dir='ltr'>ι,</span> <span class='ocrx_word' id='word_1_257' title='bbox 1252 2282 1302 2314; x_wconf 88' lang='lat'>18.</span> <span class='ocrx_word' id='word_1_258' title='bbox 1319 2297 1358 2306; x_wconf 75' lang='lat'>—</span> 
     </span>
     <span class='ocr_line' id='line_1_31' title="bbox 14 2339 733 2385; baseline -0.007 -12"><span class='ocrx_word' id='word_1_259' title='bbox 14 2341 25 2361; x_wconf 81' lang='lat'>⁵</span> <span class='ocrx_word' id='word_1_260' title='bbox 41 2339 137 2374; x_wconf 82' lang='lat' dir='ltr'>Prov.</span> <span class='ocrx_word' id='word_1_261' title='bbox 155 2351 201 2379; x_wconf 70' lang='lat' dir='ltr'>lx,</span> <span class='ocrx_word' id='word_1_262' title='bbox 225 2352 250 2371; x_wconf 91' lang='lat'>1.</span> <span class='ocrx_word' id='word_1_263' title='bbox 267 2359 301 2365; x_wconf 88' lang='lat'>—</span> <span class='ocrx_word' id='word_1_264' title='bbox 321 2342 334 2362; x_wconf 78' lang='grc'>6</span> <span class='ocrx_word' id='word_1_265' title='bbox 355 2340 471 2385; x_wconf 74' lang='lat' dir='ltr'>Ephes.</span> <span class='ocrx_word' id='word_1_266' title='bbox 490 2352 525 2375; x_wconf 84' lang='grc' dir='ltr'>ιι,</span> <span class='ocrx_word' id='word_1_267' title='bbox 543 2340 573 2373; x_wconf 92' lang='grc'>8,</span> <span class='ocrx_word' id='word_1_268' title='bbox 592 2345 625 2372; x_wconf 85' lang='lat' dir='ltr'>et</span> <span class='ocrx_word' id='word_1_269' title='bbox 643 2350 733 2382; x_wconf 76' lang='lat' dir='ltr'>seqq.</span> 
     </span>
    </p>
   </div>
  </div>
 </body>
</html>
