1806 3256
407 312 456 352 16
943 326 971 350 5.
1016 325 1203 352 Animosn

402 412 512 444 turas
539 401 867 458 interrogemus,
900 404 1207 461 interrogemus
1229 404 1474 461 Apostolos,
1512 406 1744 464 interroge-

399 485 490 512 mus
529 471 781 528 Prophetas,
821 472 1129 530 interrogemus
1164 474 1388 517 Christum.
1433 475 1546 526 Quid
1583 477 1744 517 multa?

396 541 566 583 Patrem
588 542 892 599 interrogemus
910 575 920 591 ,
945 544 1067 599 cujus
1091 544 1241 586 honori
1265 546 1434 587 studere
1457 561 1500 587 se
1522 546 1687 597 dicunt,
1712 547 1744 587 si

396 610 525 652 Filius
555 612 733 668 degener
761 611 975 667 judicetur
1004 610 1195 669 (6).'Sed
1216 629 1299 655 non
1331 623 1394 657 est
1420 614 1744 657 honorificentia

397 681 496 722 boui
522 682 654 723 Patris
681 681 774 724 Filii
804 682 970 739 injuria.
1004 683 1095 726 Non
1125 692 1263 741 potest
1290 685 1401 727 bono
1424 685 1535 728 Patri
1557 687 1740 742 placere,

399 749 429 789 si
447 749 579 792 Filius
592 752 867 808 degenerasse
883 753 1020 809 potius
1040 768 1061 795 a
1079 753 1217 802 Patre,
1237 769 1363 811 quam
1376 755 1542 798 Patrem
1559 769 1744 811 aequasse

397 821 603 862 credatur.

451 888 601 932 XLIV.
637 891 698 932 Da
723 892 902 939 veniam,
931 899 1074 934 sancte
1100 892 1345 949 imperator,
1374 893 1405 934 si
1430 895 1481 935 ad
1504 893 1614 949 ipsos
1639 907 1744 949 pau-

394 958 519 1013 lisper
541 959 666 999 verba
685 968 898 1002 converto.
926 962 1009 1003 Sed
1028 976 1153 1017 quem
1174 963 1437 1019 potissimum
1454 964 1589 1019 legam
1606 961 1745 1002 Eunu,

394 1026 620 1074 mium-ne,
650 1042 700 1068 an
726 1029 918 1073 Arrium,
944 1033 1009 1066 vel
1034 1031 1202 1066 Aetium
1232 1032 1324 1081 ejus
1345 1030 1592 1083 magistros?
1620 1030 1743 1070 Plura

393 1095 505 1135 enim
527 1096 713 1144 nomina,
743 1097 815 1138 sed
833 1110 915 1136 una
936 1094 1127 1151 perfidia,
1156 1095 1371 1152 impietate
1394 1110 1476 1137 non
1506 1097 1739 1146 dissonans,

393 1165 692 1206 communione
715 1164 957 1206 discordans
981 1179 990 1205 z
1014 1179 1098 1206 non
1128 1165 1336 1207 dissimilis
1363 1165 1526 1215 fraude,
1552 1167 1626 1210 sed
1652 1171 1743 1209 co'i-

393 1234 505 1276 tione
535 1235 728 1277 discreta.
767 1235 851 1276 Cur
884 1235 996 1277 enim
1028 1249 1171 1277 secum
1202 1235 1337 1277 nolint
1373 1235 1623 1285 convenire,
1656 1250 1741 1278 non

390 1304 588 1361 intelligo.
1312 1303 1315 1306 ⁴

448 1374 575 1417 XLV.
612 1376 806 1418 Eunomii
834 1391 1057 1434 personam
1084 1376 1302 1434 defugiunt
1332 1376 1522 1425 Arriani,
1548 1377 1621 1418 sed
1649 1376 1741 1433 ejus

393 1442 609 1498 perfidiam
640 1454 853 1495 asserunt,
881 1446 1141 1504 impietatem
1170 1455 1450 1504 exequuntur.
1483 1445 1614 1488 Aiunt
1642 1460 1738 1487 eum

390 1515 620 1569 prodidisse
643 1516 831 1565 effusius,
861 1532 954 1573 quae
985 1517 1130 1559 Arrius
1157 1517 1381 1574 scripserit.
1410 1517 1557 1572 Magna
1580 1516 1740 1558 caecita-

390 1585 440 1624 tis
465 1584 638 1627 ess'usio!
663 1586 890 1629 Auctorem
924 1588 1120 1644 probant,
1147 1597 1415 1629 executorem
1438 1586 1633 1646 refutant.
1662 1586 1739 1628 lta-

390 1670 470 1709 que
493 1670 605 1698 nunc
631 1657 671 1698 in
692 1659 833 1714 plures
856 1673 945 1700 sese
969 1658 1145 1700 divisere
1166 1658 1335 1699 formas.
1363 1657 1441 1699 Alii
1460 1656 1733 1702 Eunomium,

389 1724 455 1764 vel
471 1724 655 1773 Aetium,
677 1726 743 1767 alii
758 1727 1006 1775 Palladium,
1029 1729 1093 1768 vel
1108 1727 1407 1784 Demophilum
1429 1734 1552 1782 atque
1568 1726 1737 1768 Auxen-

387 1792 508 1841 tium,
530 1796 593 1836 vel
611 1794 794 1851 perfidiae
815 1796 941 1849 hujus
966 1797 1152 1838 haeredes
1177 1805 1424 1852 sequuntur,
1449 1795 1515 1837 aiii
1534 1795 1730 1836 diversos.

388 1862 599 1918 Numquid
625 1864 777 1906 divisus
800 1874 861 1907 est
882 1866 1102 1908 Christus?
1124 1866 1206 1908 Sed
1232 1866 1302 1922 qui
1321 1881 1419 1907 eum
1440 1880 1460 1906 a
1482 1865 1606 1906 Patre
1628 1864 1738 1906 divi-

385 1933 507 1980 dunt,
533 1934 608 1989 ipsi
631 1949 675 1975 se
699 1934 910 1977 scindunt.

442 2001 591 2045 XLVI.
630 2003 681 2045 Et
710 2004 803 2046 ideo
829 2005 1026 2060 quoniam
1050 2004 1331 2046 communiter
1359 2004 1553 2046 adversus
1583 2002 1732 2044 Eccle-

385 2072 487 2112 siam
511 2072 610 2120 Dei,
643 2073 795 2130 quibus
824 2073 933 2116 inter
958 2090 1000 2116 se
1026 2074 1136 2131 ipsos
1159 2089 1243 2115 non
1267 2073 1484 2120 convenit,
1518 2071 1732 2128 conspira-

384 2151 496 2190 runt,
523 2145 737 2186 communi
759 2145 931 2187 nomine
955 2144 1190 2192 haereticos,
1215 2144 1368 2200 quibus
1392 2143 1732 2199 respondendum

383 2221 459 2260 est,
484 2214 723 2256 nominabo.
757 2215 932 2257 Haeresis
955 2215 1086 2263 enim,
1109 2215 1219 2255 velut
1236 2214 1427 2270 quaedam
1450 2212 1592 2269 Hydra
1616 2211 1734 2253 sabu-

385 2283 548 2331 larum,
584 2284 826 2326 vulneribus
859 2285 942 2326 suis
976 2284 1109 2326 crevit
1130 2299 1138 2324 ε
1159 2292 1200 2325 et
1233 2283 1333 2324 dum
1366 2297 1474 2339 saepe
1508 2280 1732 2331 reciditur,

385 2353 624 2408 pullulavit,
657 2353 741 2410 igni
773 2354 939 2402 debita,
976 2354 1256 2410 incendioque
1287 2353 1499 2410 peritura:
1520 2359 1589 2393 aut
1620 2351 1732 2393 velut

385 2424 575 2479 quaedam
608 2425 862 2466 monstruosi
884 2424 1022 2482 Scylla
1045 2424 1228 2482 portenti
1253 2424 1294 2466 in
1316 2423 1448 2465 varias
1470 2422 1623 2463 formas
1653 2420 1737 2462 dis-‚

384 2492 512 2533 tincta
539 2492 742 2548 perfidiae,
767 2495 880 2535 velut
906 2509 1212 2552 supervacuum
1238 2493 1483 2535 Christianae
1507 2500 1629 2532 sectae
1651 2505 1736 2549 noj

384 2577 480 2603 men
511 2563 703 2605 obtendit
731 2579 740 2604 :
764 2566 835 2605 sed
858 2580 961 2621 quos
985 2565 1026 2606 in
1051 2565 1122 2607 illo
1153 2563 1374 2621 impietatis
1404 2577 1486 2603 suae
1507 2561 1614 2602 freto
1648 2559 1728 2600 mi—

383 2648 494 2674 seros
527 2633 635 2675 inter
669 2634 880 2690 naufragia
911 2635 1007 2678 fidei
1040 2635 1193 2692 reperit
1225 2635 1496 2680 fluctuantes,
1531 2630 1725 2674 belluinis
