1806 3256
523 279 575 305 nn
607 278 719 311 mma,
754 278 833 304 Lm.
872 276 924 304 tv·
1323 263 1402 307 165

111 357 224 400 XCI.
266 356 372 405 Cur,
407 356 623 412 inquiunt,
658 356 787 397 Filius
822 357 944 397 Pater
978 369 1061 396 non
1098 355 1188 397 est?
1219 355 1327 406 Quia
1365 365 1406 398 et

56 428 178 471 Pater
200 428 329 469 Filius
358 441 441 468 non
471 435 546 468 est.
591 426 675 467 Cur
701 441 784 466 non
817 425 892 466 iste
919 424 1167 481 generavit?
1195 425 1301 476 Quia
1327 440 1404 467 uec

52 497 120 539 ille
137 506 356 554 generatus
375 505 449 538 est.
479 497 564 538 Noc
587 497 678 537 ideo
698 496 833 536 minus
857 495 982 536 habet
1007 496 1155 541 Filius,
1177 495 1405 551 quiaPatcr

52 582 135 608 non
165 574 227 608 est
260 581 268 607 :
306 581 382 608 nec
413 567 533 608 Pater
567 566 703 606 minus
735 565 886 614 habet,
922 565 1016 620 quia
1049 564 1178 605 Filius
1208 580 1289 605 non
1324 572 1398 604 cst.

51 634 163 676 Dixit
181 635 291 676 enim
309 635 438 677 Filius
462 650 502 675 t«
522 635 674 676 Omnia
693 650 783 691 quae
797 635 918 676 Patcr
941 635 1084 681 habet,
1112 649 1201 674 mea
1221 632 1358 675 suut¹.
1378 651 1392 670 n

51 703 169 746 Adeo
203 705 416 761 generatio
447 705 486 745 in
521 714 692 761 paterna
726 705 1002 761 proprietate,
1035 720 1117 745 uon
1153 704 1191 744 in
1226 703 1318 759 jure
1342 711 1404 744 cst

50 776 292 832 potestatis!

108 845 244 889 XCII.
279 846 350 886 Est
370 845 560 901 quzcdam
583 845 822 886 indistincta
849 844 1056 885 distinctae
1080 843 1401 900 incomprehen-

51 915 179 957 sibilis
201 925 241 957 ct
264 916 551 958 inenarrabilis
570 915 800 956 substantia
823 915 1046 957 Trinitatis,
1078 914 1401 956 Distiuctionom

49 986 204 1027 etenim
231 987 468 1043 accepimus
502 986 634 1027 Patris
661 995 700 1026 et
733 985 826 1027 Filii
858 995 899 1026 et
934 985 1112 1042 Spiritus
1136 983 1290 1030 sancti,
1318 998 1402 1024 non

0 1055 2 1084 ἶ
49 1055 337 1097 confusionem
360 1071 369 1097 :
397 1057 733 1103 distinctionem,
763 1072 844 1096 uon
865 1056 1170 1111 separationem
1195 1069 1203 1095 ε
1235 1053 1403 1095 distinc-

51 1124 231 1173 tionem,
267 1142 349 1167 non
386 1127 681 1184 plntalitatcm.
718 1127 867 1168 Divino
902 1126 1041 1181 itaquo
1074 1125 1404 1179 admirandoque

48 1196 249 1251 mysterio
280 1206 517 1238 manentem
550 1212 713 1253 semper
745 1197 975 1253 accipimus
1010 1197 1199 1243 Patrem,
1238 1210 1404 1250 semper

47 1266 198 1308 Filium
213 1299 222 1312 ,
243 1282 409 1324 semper
426 1267 628 1324 Spiritum
654 1276 872 1308 sanctum:
900 1282 980 1307 nou
999 1267 1101 1307 duos
1125 1266 1264 1307 Patres
1279 1298 1287 1312 ‚
1315 1280 1401 1306 nou

48 1337 153 1377 duos
177 1337 327 1385 Filios,
353 1352 437 1378 non
466 1338 571 1378 duos
595 1336 788 1393 Spiritus.
819 1355 833 1371 (ι
854 1338 874 1377 l
891 1352 967 1377 nus
987 1337 1097 1377 euim
1122 1336 1234 1377 Deus
1259 1335 1398 1381 Pater,

49 1421 126 1447 »ex
148 1422 230 1463 quo
250 1408 413 1453 onmia,
433 1416 474 1448 et
496 1422 570 1448 nos
594 1407 633 1447 in
665 1407 753 1463 ipso
777 1422 785 1448 ε
817 1416 858 1448 et
882 1423 987 1448 unus
1013 1407 1215 1448 Dominus
1250 1406 1397 1454 Jesus,

48 1490 286 1531 »perquem
307 1477 464 1525 omnia,
482 1477 885 1534 etnosperipsuiffl.
910 1496 924 1515 »
940 1478 1053 1518 Unus
1076 1485 1196 1517 natus
1210 1491 1258 1516 cx
1280 1476 1401 1517 Patre

46 1545 251 1587 Dominus
277 1546 424 1594 Jesus,
454 1556 493 1589 et
528 1547 620 1589 ideo
658 1548 916 1604 L'nigenitus.
947 1566 960 1584 «
994 1548 1107 1588 [nus
1145 1557 1185 1588 et
1221 1546 1401 1604 Spiritus

48 1615 288 1663 »sanctus³‚
312 1635 326 1655 »
346 1625 391 1658 ut
416 1618 524 1658 idem
549 1616 776 1674 Apostolus
806 1617 937 1659 dixit:
964 1617 1031 1658 Sic
1055 1618 1305 1674 accipimus,
1343 1618 1400 1658 sic

45 1687 243 1741 legimus,
275 1687 333 1728 sic
358 1700 560 1729 tenemus.
586 1688 908 1729 Distinctioncm
930 1689 1101 1735 seimus,
1129 1696 1288 1729 secreta
1312 1703 1402 1729 nes-

47 1757 209 1798 cimus:
243 1773 386 1799 causas
416 1774 496 1798 nou
524 1759 798 1805 discutimus,
825 1767 1085 1798 sacramenta
1110 1773 1335 1798 servamus.

103 1828 254 1870 XCIII.
293 1829 472 1870 Facinus
497 1830 739 1885 indiguum,
766 1838 809 1870 ut
837 1829 906 1885 qui
936 1829 1214 1885 generationis
1234 1845 1316 1870 suae
1343 1828 1404 1870 sa-

47 1900 247 1941 cultatem
281 1915 364 1940 non
396 1900 572 1944 habent,
603 1900 751 1940 divinae
787 1899 1067 1955 generationis
1109 1914 1282 1940 examen
1323 1899 1401 1940 sibi

47 1979 273 2026 arrogent,
303 1970 516 2010 vindicent
549 1971 828 2026 potestatem!
869 1971 1028 2027 Negent
1060 1987 1158 2026 crgo
1196 1972 1398 2026 sequ-:ilem

44 2040 155 2080 Patri
177 2039 329 2080 Filium
348 2072 358 2087 ‚
386 2039 481 2095 quia
506 2054 588 2080 non
607 2041 822 2095 generavit
839 2040 968 2081 Filius
990 2055 998 2080 z
1026 2048 1179 2095 negent
1197 2042 1400 2095 aequalem

44 2107 155 2150 Patri
182 2108 355 2154 Filium,
389 2107 484 2164 quia
512 2108 679 2149 Patrem
713 2108 851 2150 habet.
892 2110 981 2150 Hoc
1008 2110 1038 2150 si
1076 2111 1127 2150 de
1158 2110 1401 2151 hominibus

18 2227 20 2229 ι
47 2179 258 2227 dicerent,
298 2194 479 2234 qnorum
518 2179 644 2235 aliqui
675 2181 818 2221 volunt
844 2180 970 2221 Filios
1001 2180 1178 2225 haber-e,
1201 2196 1280 2222 nce
1305 2196 1401 2238 pos-

46 2257 164 2297 sunt,
189 2247 387 2304 injuriam
411 2258 655 2305 putaremus
683 2264 691 2290 :
718 2250 775 2291 sic
800 2249 962 2291 etiamsi
981 2250 1089 2291 inter
1113 2252 1217 2291 duos
1239 2251 1403 2292 honore

16 2312 17 2315 ¹
45 2332 165 2374 pares
197 2318 382 2360 habenti
396 2319 523 2360 Filios
555 2319 625 2375 qni
656 2334 739 2361 non
776 2320 903 2361 habet
925 2353 934 2367 ,
968 2329 1191 2377 negaretur
1214 2321 1397 2377 aequalis.

45 2388 97 2430 Et
120 2389 213 2430 ideo
233 2389 335 2437 hoc,
357 2390 543 2446 inquam,
569 2405 692 2447 grave
710 2391 818 2432 etde
839 2391 934 2446 ipsis
955 2391 1197 2432 hominibus
1216 2392 1399 2439 videtur,

47 2467 93 2500 ut
116 2458 207 2515 quis
223 2459 316 2499 ideo
335 2459 474 2500 minor
490 2468 677 2516 putetur,
696 2461 814 2515 quod
834 2461 995 2502 Patrem
1023 2461 1161 2501 habet.
1185 2461 1272 2502 Nisi
1294 2460 1403 2502 forte

47 2535 246 2585 tanquam
266 2528 541 2571 constitutum
566 2530 608 2572 in
629 2529 782 2572 familia
806 2537 956 2587 putant
985 2530 1201 2573 Christum
1233 2531 1399 2580 dolere,

93 2628 101 2642 ¹
121 2619 216 2652 Joan.
232 2630 295 2656 xvi,
317 2621 363 2651 15.
383 2638 420 2643 —-
440 2628 450 2642 ¹
473 2632 483 2651 ι
505 2621 710 2655 C‹›r.v1n.6.
728 2639 767 2646 -
786 2621 1015 2658 51‹].xn‚tt.
