1806 3256
536 297 731 341 nemun,
765 297 845 325 mn.
884 295 937 323 ιν.
1336 287 1413 337 141

70 372 109 414 in
137 372 266 430 gloria
297 373 454 415 coelesti
488 374 689 431 legimus,
719 375 795 416 nisi
818 381 1089 432 posteaquam
1110 373 1315 418 Dominus
1345 391 1414 420 re-

69 443 337 485 surrectionis
360 459 441 484 suae
467 445 641 501 pignore
657 445 822 486 vincula
846 443 968 485 solvit
991 443 1153 492 inferni,
1182 453 1222 486 et
1247 446 1414 501 piorum

69 512 227 553 animas
250 513 437 554 elevavit.
474 515 713 556 'translatus
745 529 843 570 ergo
870 513 1017 554 Enoch
1040 545 1051 562 ,
1083 523 1225 570 raptus
1265 515 1374 556 Elias
1398 532 1411 563 3

70 583 192 623 ambo
213 582 375 630 famuli,
396 583 519 625 ambo
539 599 634 625 cum
663 598 838 640 corpore
860 599 869 625 :
895 584 969 625 sed
992 599 1073 624 non
1095 593 1187 640 post
1206 600 1417 626 resurrec-

68 651 246 699 tionem,
273 667 354 693 non
380 667 476 693 cum
507 653 712 695 manubiis
744 653 888 695 mortis
910 687 920 702 ,
960 661 1000 694 et
1034 652 1245 710 triumpho
1277 652 1415 695 crucis

68 721 259 764 viderant
280 723 369 763 illos
393 722 555 779 Angeli.

126 792 199 835 IX.
235 793 286 834 Et
314 793 405 835 ideo
430 794 655 835 Dominum
683 795 871 836 omnium
898 795 1083 851 primum
1115 809 1162 836 ac.
1193 796 1329 835 solum
1362 796 1413 835 de

68 871 202 905 morto
226 863 550 919 triumphantem
577 866 716 906 venire
739 874 985 912 cernentes,
1017 865 1106 906 tolli
1139 874 1278 920 portas
1302 864 1418 920 prin—

69 933 230 988 cipibus
255 934 542 990 imperabant,
568 949 663 975 cum
688 935 964 976 admiratione
988 935 1174 975 dicentes
1197 950 1205 974 :
1230 953 1244 972 α
1266 934 1418 975 Tollite

68 1013 253 1060 »portas‚
280 1005 503 1062 principes,
531 1006 678 1053 vestri;
699 1014 740 1047 et
757 1005 996 1052 elevamini,
1018 1005 1377 1061 portzeaeternales
1402 1019 1412 1045 τ

70 1092 83 1112 ι)
98 1083 139 1114 et
162 1074 350 1115 introibit
381 1075 465 1116 Rex
483 1075 625 1131 gloriae
643 1075 699 1116 ¹.»

127 1143 182 1185 X.
222 1144 349 1185 Erant
375 1152 513 1185 tamen
538 1145 674 1186 adhue
697 1145 795 1186 etin
824 1144 1064 1186 coelestibus
1084 1144 1153 1200 qui
1182 1151 1415 1200 stuperent,

69 1213 138 1268 qui
179 1214 486 1254 admirarentur
519 1229 669 1256 novam
708 1229 929 1270 pompam,
965 1228 1114 1254 novam
1152 1213 1347 1269 gloriam3
1378 1220 1420 1253 et

70 1281 161 1323 ideo
188 1283 455 1338 requirebant
477 1298 485 1323 :
511 1284 642 1334 «Quis
665 1291 726 1325 est
750 1284 826 1325 iste
845 1283 932 1325 Rex
953 1282 1093 1339 gloriae
1109 1281 1155 1321 ²?
1177 1299 1191 1319 »
1215 1281 1296 1322 Sed
1323 1281 1418 1337 quia

69 1359 109 1392 et
134 1352 280 1408 Angeli
305 1368 522 1408 processus
547 1353 702 1394 habent
725 1353 932 1400 scientiae,
957 1361 998 1393 et
1020 1351 1295 1408 capacitatem
1325 1364 1421 1407 pro·

68 1420 226 1469 sectus;
257 1421 414 1463 habent
441 1423 584 1478 utique
614 1423 909 1464 discretionem
948 1422 1136 1468 virtutis,
1167 1428 1290 1475 atque
1316 1434 1419 1476 pru-

71 1491 219 1533 dentiae
240 1507 249 1533 ε
274 1494 384 1533 solus
400 1493 511 1533 onim
531 1493 619 1534 sine
639 1507 834 1548 processu
858 1493 989 1539 Deus;
1014 1490 1107 1546 quia
1133 1490 1173 1531 in
1196 1489 1310 1530 omui
1328 1503 1420 1545 per-

70 1561 251 1603 fectione
273 1578 439 1619 semper
461 1573 639 1604 :eternus
662 1572 734 1604 est.

128 1632 189 1674 XI
210 1633 416 1674 Dicebant
439 1634 532 1680 alii,
572 1633 630 1674 illi
661 1633 804 1688 utique
834 1632 905 1688 qui
935 1631 1137 1672 affuerant
1163 1627 1420 1685 resurgenti,

71 1703 129 1744 illi
155 1703 224 1758 qui
249 1703 436 1744 viderant
459 1705 521 1744 vel
543 1703 626 1758 jam
650 1710 961 1759 cognoverant:
987 1719 1002 1740 α
1023 1699 1226 1743 Dominus
1248 1698 1363 1739 sortis
1380 1704 1422 1738 et

73 1791 87 1812 n
102 1782 273 1830 potens,
294 1774 497 1814 Dominus
522 1773 728 1830 potensin
750 1773 888 1829 praelio
906 1771 935 1813 ⁵.
963 1790 977 1809 »

129 1843 224 1886 XII.
263 1844 419 1885 Iterum
446 1845 670 1885 multitudo
699 1844 956 1900 Angelorum
985 1838 1226 1896 triumphali
1259 1836 1423 1894 agmine

71 1913 385 1970 praecinebant:
410 1914 592 1955 «Tollite
622 1920 782 1969 portas,
818 1911 1052 1969 principes,
1086 1908 1231 1954 vestri3
1265 1914 1305 1948 et:
1336 1907 1423 1947 ele-

74 1984 275 2031 »vamini‚
299 1993 427 2039 portae
449 1985 667 2025 {eternales
689 1998 697 2023 :
727 1991 767 2023 et
791 1982 978 2022 introibit
999 1980 1086 2022 Rex
1107 1978 1260 2035 gloriae.
1280 1995 1295 2015 »

131 2053 246 2095 Xlll.
283 2053 442 2095 Rursus
475 2054 540 2094 alii
573 2061 788 2108 stupentes
820 2051 1045 2091 dicebant:
1083 2048 1221 2099 «Quis
1251 2055 1314 2088 est
1348 2046 1423 2087 iste

75 2124 192 2167 »Rex
207 2124 368 2180 gloriae'*
388 2124 405 2165 Ξ)
422 2123 611 2167 Vidimus
629 2138 724 2164 eum
746 2137 827 2163 non
841 2121 1067 2162 habentem
1089 2119 1268 2175 speciem
1289 2131 1424 2171 neque

75 2195 323 2236 »decorem⁵
350 2211 358 2236 :
381 2214 395 2234 n
423 2195 454 2236 si
487 2209 585 2251 crgo
622 2194 707 2250 ipso
743 2208 825 2234 non
859 2200 942 2239 est,
975 2190 1111 2241 «Quis
1146 2197 1208 2229 est
1240 2187 1316 2228 iste
1338 2186 1425 2229 Rex

76 2282 91 2303 »
106 2265 277 2321 gloriae?
298 2286 312 2304 η

134 2337 246 2379 XIV.
284 2336 577 2394 Respondetur
602 2351 621 2378 a
645 2335 874 2377 scientibus
901 2348 909 2373 :
935 2351 948 2371 «
970 2330 1173 2373 Dominus
1203 2328 1423 2377 virtutum,

77 2409 194 2465 »ipse
221 2417 284 2449 est
311 2409 398 2450 Rex
421 2408 573 2464 gloriae.
597 2426 611 2445 >›
638 2408 745 2462 Ergo
782 2405 987 2446 Dominus
1018 2405 1218 2442 virtutum
1250 2399 1336 2455 ipse
1366 2404 1428 2437 est

77 2479 220 2521 Filius.
257 2479 307 2520 Et
333 2479 544 2535 quomodo
569 2477 782 2519 infirmum
807 2475 972 2518 Arriani
997 2473 1168 2519 dicunt,
1194 2484 1319 2526 quem
1340 2468 1428 2510 Do-

124 2590 133 2604 ¹
165 2580 248 2612 Psal.
277 2591 369 2618 xxiii,
401 2592 432 2622 7.
462 2598 502 2604 —
530 2589 542 2603 2
573 2579 658 2611 lbid.
689 2579 720 2611 8.
752 2595 793 2604 —-
822 2578 836 2601 ³
867 2575 1011 2609 lbid.-
1037 2572 1286 2605 ⁴1bid.1o.--
1306 2571 1319 2593 ⁵
1349 2568 1424 2625 lsai·

80 2645 149 2672 mn,
166 2647 195 2667 2.
