1768 3283
411 286 461 312 nn
496 285 654 313 srimru
689 286 865 322 SANCTO,
902 290 978 316 mn.
1021 291 1080 317 111.
1337 285 1414 332 425¹

82 364 298 415 volabant,
319 365 529 419 quomodo
558 365 748 406 stabant?
775 365 816 406 Si
848 366 927 408 hoe
953 381 1038 408 non
1069 382 1287 424 possumus
1311 385 1421 414 com-

79 434 356 489 prehendere,
397 434 606 488 quomodo
644 434 779 476 Deum
821 436 1184 493 comprehendere
1217 441 1424 490 volumus,

78 518 205 558 quern
227 517 310 543 non
332 502 553 543 videmus?

138 570 319 613 CLXIV.
357 571 439 612 Sed
463 572 570 612 sicut
593 581 723 614 rotam
755 574 860 616 inira
895 584 1028 617 rotam
1062 577 1184 619 vidit¹
1214 579 1420 636 Propheta

76 650 313 682 currentem
335 642 618 697 (quodmique
633 658 714 684 non
734 645 783 685 ad
803 646 1028 701 corporalis
1042 647 1219 688 refertur
1238 651 1421 706 speciem

74 711 256 758 iisionis,
279 713 352 752 scd
374 712 426 752 ad
450 712 666 768 utriusque
689 716 863 770 gratiam
887 716 1165 765 Testamenti;
1191 721 1287 774 quia
1311 729 1419 763 teres

73 783 152 824 vila
179 782 430 823 Sanctorum
454 782 520 830 sit,
548 791 589 823 et
614 784 668 824 ita
694 785 772 825 sibi
799 786 1041 833 concinens,
1068 797 1112 828 ut
1134 791 1419 845 superioribus

72 853 304 909 posteriora
327 853 617 907 respondeant.
658 853 764 895 Rota
792 855 916 910 igitur
945 856 1052 897 intra
1081 866 1214 899 rotam
1243 868 1304 901 est
1335 862 1417 902 vita

71 923 147 963 sub
167 922 276 978 Lege
293 954 304 971 ‚
325 922 407 963 vila
431 923 506 963 snb
526 923 679 979 gralia;
700 939 748 965 eo
768 927 880 980 qnod
897 925 1041 968 Judaea
1062 927 1169 969 intra
1187 928 1418 972 Ecclesiam

69 993 145 1040 sit,
171 991 257 1033 Lex
280 992 384 1033 inira
409 993 597 1048 gratiam.
630 993 730 1034 'Nam
760 994 865 1035 intra
887 995 1117 1037 Ecclesiam
1140 1005 1223 1043 est,
1250 999 1320 1054 qui
1340 1000 1419 1041 Ju-

69 1064 181 1103 daeus
204 1071 263 1103 est
285 1062 324 1102 in
347 1063 514 1103 occulto
530 1070 591 1103 :et
611 1062 878 1104 circumcisio
899 1065 1036 1106 cordis
1052 1066 1160 1107 intra
1184 1067 1415 1110 Ecclesiam

68 1140 377 1172 sacramentum
399 1139 471 1171 est.
500 1131 582 1172 Sed
606 1132 670 1172 illa
695 1132 839 1173 Judaea
863 1133 973 1175 intra
996 1134 1243 1184 Ecclesiam,
1265 1138 1316 1178 de
1335 1153 1415 1193 qua

67 1202 270 1257 seriptum
289 1209 351 1242 est
371 1216 379 1241 :
398 1219 411 1238 «
430 1201 560 1242 Notus
575 1201 614 1241 in
628 1201 771 1242 Jndaea
794 1203 904 1244 Deus
918 1202 972 1259 2ς)
999 1218 1097 1260 ergo
1120 1205 1226 1246 sicut
1244 1213 1334 1247 rota
1353 1206 1411 1246 in-

66 1280 124 1312 tra
148 1279 282 1311 rotam
299 1270 451 1317 currit,
477 1270 667 1311 similiter
686 1272 757 1311 alm
776 1271 958 1317 stabant.
980 1280 1021 1313 et
1044 1274 1115 1313 alae
1139 1274 1347 1315 volabant.

123 1340 282 1382 CLXV.
321 1339 520 1381 Similiter
549 1348 617 1380 et«
636 1339 854 1396 Seraphim
881 1341 1043 1382 duabus
1071 1342 1157 1382 aliis
1180 1342 1348 1391 faciem,
1371 1352 1412 1384 et

60 1411 252 1452 »duabus
285 1411 410 1466 pedes
436 1410 647 1457 velabant,
673 1419 714 1450 et
737 1408 900 1451 duabus
926 1411 1137 1452 volabant.
1174 1430 1188 1449 n
1212 1411 1315 1453 Nam
1339 1412 1408 1454 hic

60 1496 229 1537 qnoque
256 1480 449 1536 spiritalis
481 1479 691 1535 sapientiae
718 1489 1026 1521 sacramentum
1051 1489 1125 1522 est.
1160 1480 1280 1522 Stant
1310 1490 1411 1523 tem-

59 1567 177 1608 pora,
210 1553 350 1592 volant
379 1559 567 1606 tempora
594 1567 603 1589 :
629 1559 738 1591 stant
765 1551 990 1607 praeterita,
1018 1553 1159 1593 volant
1188 1551 1408 1595 futuratet

57 1622 174 1678 quasi
199 1623 271 1663 alae
296 1621 538 1678 Seraphim,
567 1620 620 1661 ita
648 1621 796 1661 faciem
821 1621 913 1668 Dei,
938 1622 1003 1662 vel
1024 1623 1150 1677 pedes
1175 1624 1333 1670 velant;
1358 1639 1407 1665 eo

57 1693 175 1748 quod
199 1692 240 1732 in
265 1691 354 1733 Deo
380 1691 450 1746 qui
472 1705 548 1731 nee
568 1690 821 1746 principium
847 1705 924 1732 nee
950 1689 1075 1731 finem
1104 1691 1246 1738 habet,
1271 1693 1406 1733 omnis

56 1764 106 1803 ab
134 1763 212 1803 hac
235 1761 472 1818 cognitione
498 1760 691 1816 piincipii
716 1760 806 1815 (jus
828 1769 869 1801 et
891 1759 984 1801 finis
1005 1775 1150 1801 cursus
1168 1769 1405 1817 temporum

55 1832 238 1873 feriatur.
263 1831 382 1872 Stant
401 1845 499 1886 ergo
518 1830 725 1885 praeteriia
746 1830 809 1870 vel
826 1829 981 1877 futura,
1007 1829 1224 1885 praesentia
1244 1832 1398 1872 volant.

54 1902 114 1945 Ne
136 1916 294 1958 quaeras
315 1901 509 1958 principii
532 1900 639 1955 ejus,
669 1902 734 1940 vel
756 1898 849 1940 finis
868 1914 1035 1948 areana,
1058 1915 1150 1955 quae
1175 1915 1259 1941 non
1285 1910 1395 1943 sunt.

52 1972 190 2013 Habes
214 1970 543 2028 praeseiiti32sed
565 1970 748 2017 laudato,
776 1984 860 2009 non
889 1969 1063 2010 discute.

111 2040 292 2084 CLXVI.
330 2040 547 2096 Seraphim
570 2039 784 2080 indefessis
805 2038 978 2080 vocibus
996 2040 1182 2086 landant,
1202 2047 1242 2080 et
1260 2047 1304 2080 lu
1322 2039 1400 2080 dis-

51 2111 187 2153 cutis?
211 2112 336 2161 Q-iod
356 2111 452 2165 utiq
524 2125 621 2151 eum
643 2110 816 2159 faciunt,
837 2110 1066 2150 ostendunt
1082 2109 1202 2150 nobis
1222 2123 1306 2151 non
1329 2109 1398 2150 ali-

51 2183 218 2238 quando
237 2181 546 2222 discutiendum
560 2180 712 2227 Deum,
735 2181 807 2221 sed
824 2195 988 2236 semper
1009 2195 1098 2221 esse
1118 2180 1391 2222 laudandum.

51 2253 158 2309 Ergo
180 2251 383 2293 Dominus
407 2250 591 2291 Sabaoth
613 2259 653 2290 et
679 2250 857 2306 Spiritus
886 2257 1052 2291 sanctus
1080 2258 1154 2290 est.
1183 2249 1266 2291 Nisi
1289 2249 1395 2290 forle

51 2322 203 2380 displio
267 2321 402 2378 impiis
427 2322 599 2367 Doclor,
622 2335 743 2375 quem
767 2320 956 2361 Christus
978 2320 1101 2376 elegit
1125 2334 1135 2361 :
1161 2328 1229 2360 aut
1250 2319 1398 2361 Domi-

48 2407 150 2435 num
171 2391 372 2432 virtutum
392 2405 542 2446 negare
565 2398 741 2446 possunt
764 2389 966 2447 Spiritum
992 2398 1200 2437 sanctum,
1225 2389 1295 2444 qui
1319 2389 1396 2430 do-

47 2471 118 2504 nat
135 2476 233 2517 quas
254 2460 432 2501 voluerit
452 2460 537 2516 ipse
558 2459 747 2502 virtutes.

95 2565 103 2578 ¹
126 2553 242 2586 Ezech.
269 2563 291 2590 ι,
313 2552 363 2583 16.
388 2568 428 2576 -
448 2558 460 2572 ⁸
479 2551 562 2583 Psal.
582 2561 674 2589 mxxv,
698 2562 726 2582 1.
