1768 3283
354 267 436 315 430
896 277 928 304 s.
966 276 1160 305 AMnnosn

352 363 393 397 et
426 353 711 396 testimonium
734 353 871 396 serunt
909 353 1076 396 Christo
1099 385 1106 403 ‚
1140 353 1209 408 qui
1247 351 1458 394 Christum
1479 360 1576 395 sunt
1601 367 1699 410 per-

355 424 500 467 secuti.

413 493 590 536 CXXX.
627 493 711 535 Aut
743 492 839 548 quia
862 510 877 532 «
907 493 953 534 In
975 493 1223 535 malevolam
1256 493 1436 535 animam
1467 508 1551 535 non
1574 494 1702 536 intrat

356 583 371 604 »
386 564 586 621 sapientia
607 563 618 584 ¹
645 580 656 610 3
676 582 690 602 n
711 563 835 604 etiam
856 563 936 604 hoe
970 563 1222 619 quuebatur
1249 564 1472 619 proditoris
1492 563 1666 606 affectus
1688 596 1699 613 ,

355 633 520 675 charius
537 633 768 673 {estimabat
789 632 1000 674 Dominici
1023 632 1208 689 corperis
1230 633 1478 688 passionenn
1498 641 1702 675 utomnes
1724 631 1729 638 ’
1766 646 1768 698 3

359 719 377 744 a
400 702 482 745 fide
504 702 625 759 pretii
646 703 898 744 enormitate
921 710 1151 743 revocaret.
1177 703 1359 757 Ideoque
1380 702 1584 744 Dominus
1607 717 1703 759 gra-

357 773 407 814 tis
428 789 471 814 se
495 772 674 820 obtulit,
709 787 760 813 ne
794 788 918 829 quem
953 780 1170 813 revocaret
1200 787 1221 812 a
1254 771 1418 812 Christo
1447 771 1704 828 paupertatis
1765 775 1768 788 ¹

356 843 593 885 necessitas.
631 843 884 884 Patriarehae
916 859 1012 884 eum
1046 843 1114 884 viii
1146 843 1448 890 vendiderunt,
1481 851 1529 884 ut
1560 857 1705 884 omnes
1766 861 1768 895 y

356 920 558 954 emerent.
588 912 728 953 Esaias
760 912 924 953 dixit:«
950 912 1218 968 Quicumque
1250 926 1334 953 non
1367 911 1529 953 habetis
1557 925 1707 968 argen-

354 999 370 1021 ι»
387 990 495 1029 lum,
523 982 577 1022 ite
593 1013 604 1029 ,
625 981 768 1028 emite,
793 989 833 1022 et
855 981 987 1022 bibite
1013 996 1021 1021 :
1052 982 1304 1022 manducate
1328 982 1415 1022 sine
1440 989 1609 1038 argento
1627 980 1696 1030 2;»

358 1060 402 1092 ut
428 1065 523 1092 eum
555 1050 818 1105 acquireret,
850 1050 919 1105 qui
952 1065 1034 1091 non
1059 1050 1241 1091 habebat
1273 1058 1503 1106 argentum.
1541 1050 1577 1091 O
1598 1049 1708 1090 Juda

359 1119 562 1176 proditor,
577 1128 841 1174 unguentum
860 1120 1064 1176 passionis
1081 1120 1171 1175 ejus
1195 1120 1391 1161 trecentis
1414 1119 1592 1161 denariis
1606 1119 1712 1161 aesti—

357 1206 444 1232 mas
462 1222 472 1238 ,
499 1199 541 1231 et
569 1191 802 1247 passionem
827 1190 917 1246 ejus
946 1191 1115 1247 triginta
1147 1191 1326 1232 denariis
1357 1189 1552 1231 vendis³1
1586 1191 1707 1233 Dives

357 1260 398 1301 in
419 1260 692 1301 aestimatione
709 1293 718 1310 ,
742 1261 832 1302 vilis
850 1261 890 1302 in
909 1262 1080 1303 scelere.

417 1330 611 1371 CXXXI.
651 1330 759 1386 Ergo
783 1345 864 1371 non
896 1345 1040 1372 omnes
1061 1332 1208 1372 eodem
1238 1329 1372 1387 pretio
1396 1338 1542 1372 emunt
1564 1330 1709 1372 Chris-

358 1408 460 1442 tum.
483 1398 575 1442 Alio
595 1400 695 1441 emit
714 1400 917 1442 Photinus
935 1435 945 1450 ,
969 1401 1039 1457 qui
1058 1403 1108 1442 ad
1126 1410 1305 1443 mortem
1324 1401 1426 1442 emit
1446 1415 1455 1441 :
1477 1401 1554 1443 alio
1572 1400 1710 1442 Arria-

357 1484 458 1518 nus,
486 1469 555 1524 qui
578 1469 679 1511 emit
701 1471 753 1512 ad
776 1469 973 1527 injuriam
1001 1486 1010 1512 ε
1039 1472 1117 1513 alio
1142 1470 1383 1513 Catholieus
1400 1504 1411 1519 ,
1443 1470 1513 1527 qui
1535 1471 1635 1512 emit
1657 1471 1710 1513 ad

357 1539 544 1596 gloriam.
570 1539 652 1581 Sed
674 1539 775 1581 emit
796 1541 884 1582 sine
902 1541 1096 1598 pecunia,
1123 1541 1356 1583 secundum
1375 1542 1487 1597 quod
1507 1540 1710 1598 scriptum

358 1618 419 1651 cst
447 1625 487 1651 :«
513 1610 595 1660 Qui
614 1624 696 1651 non
716 1609 845 1652 habet
868 1611 1117 1667 pecuniam,
1143 1620 1256 1652 emat
1277 1611 1365 1651 sine
1388 1610 1537 1667 pretio.
1557 1627 1573 1648 >2

415 1680 630 1723 CXXXH.
652 1698 666 1717 «
697 1680 787 1723 Non
816 1695 985 1730 omncs,
1022 1681 1183 1737 iuquit,
1208 1681 1278 1737 qui
1302 1681 1448 1722 dicunt
1473 1680 1575 1722 mihi
1596 1695 1605 1721 :
1629 1679 1710 1722 Do·

356 1769 371 1790 »
386 1751 520 1798 mine,
561 1751 742 1792 Domine
765 1784 774 1799 ‚
814 1751 1033 1793 intrabunt
1071 1752 1112 1792 iu
1149 1766 1325 1808 reguum
1362 1751 1576 1792 coelorum.
1593 1749 1709 1792 »Etsi

357 1821 481 1863 multi
504 1835 547 1862 se
572 1820 793 1862 nominent
819 1820 1101 1868 Christianos,
1126 1835 1280 1862 nomen
1304 1827 1529 1876 usurpant,
1549 1834 1632 1860 non
1647 1827 1709 1861 ta·

357 1905 454 1932 men
486 1905 633 1931 omnes
664 1889 905 1932 mercedem
938 1890 1110 1932 hahent.
1148 1891 1200 1932 Et
1234 1890 1337 1931 Cain
1370 1889 1523 1931 obtulit
1555 1887 1710 1931 sacrifi-

361 1960 489 2002 eium‘*
515 1993 526 2010 ‚
558 1969 600 2003 et
629 1960 760 2003 Judas
792 1961 953 2018 accepit
985 1962 1174 2003 osculum
1191 1993 1201 2009 ‚
1228 1962 1296 2002 sed
1330 1960 1485 2002 audivit
1505 1975 1513 2001 :
1533 1977 1548 1998 α
1565 1959 1674 2002 Juda
1694 1991 1705 2008 ,

356 2050 371 2072 »
386 2032 529 2073 osculo
553 2031 707 2074 Filium
730 2031 912 2073 hominis
930 2032 1056 2073 tradis
1079 2031 1142 2072 ⁵2⁹»
1157 2031 1238 2072 hoc
1259 2039 1344 2079 est,
1365 2030 1516 2072 amoris
1533 2031 1709 2088 pignore

356 2103 489 2144 scelus
517 2101 695 2158 imples?
719 2116 766 2143 ac
790 2101 905 2158 pacis
928 2101 1208 2144 instrumento
1233 2101 1326 2143 odia
1349 2101 1449 2143 seris
1465 2133 1475 2151 ,
1500 2108 1541 2142 et
1575 2099 1709 2143 chari-

358 2172 451 2215 tatis
474 2172 612 2213 officio
635 2180 813 2213 mortem
835 2172 1003 2229 irrogas.
1464 2220 1468 2228 ι

417 2242 654 2284 CXXXIII.
680 2242 790 2298 Ergo
808 2256 887 2283 nec
905 2242 1071 2283 Arriani
1089 2242 1166 2283 sibi
1184 2250 1384 2298 usurpato
1403 2240 1572 2282 nomine
1593 2239 1709 2281 blan-

357 2311 525 2353 diantur
540 2343 550 2360 ,
574 2311 669 2367 quia
694 2310 952 2353 Christianos
975 2325 1064 2352 esse
1087 2326 1130 2352 se
1163 2311 1320 2352 dicunt.
1345 2308 1631 2366 Respondebit
1650 2308 1707 2350 eis

353 2383 559 2425 Dominus
584 2396 593 2424 :
617 2381 780 2424 Nomen
803 2396 944 2423 meum
969 2382 1226 2438 praetenditis
1244 2415 1253 2430 ‚
1278 2389 1319 2423 et
1340 2381 1616 2423 substantiam
1640 2381 1709 2422 de-

355 2452 512 2509 negatis
531 2466 542 2493 :
563 2453 636 2494 sed
656 2466 741 2494 non
764 2465 945 2508 agnosco
973 2466 1128 2493 nomen
1152 2466 1315 2502 meum,
1337 2451 1410 2493 ubi
1428 2466 1512 2494 non
1533 2459 1595 2493 est
1614 2465 1707 2492 mea

402 2563 410 2577 ¹
432 2554 504 2596 Sap.
537 2564 562 2592 1,
585 2554 616 2592 4.
639 2572 678 2578 ——
703 2564 714 2578 ²
743 2555 816 2586 lsai.
844 2564 891 2591 nv,
913 2564 942 2588 1.
961 2572 999 2578 —
1030 2556 1043 2578 ³
1067 2554 1265 2597 Mauh.v11,
1294 2565 1344 2587 21.
1368 2573 1407 2579 —
1425 2556 1439 2582 ⁴
1456 2555 1536 2587 Gen.
1557 2564 1600 2592 ιν,
1617 2554 1649 2587 5.
1666 2571 1706 2578 -

362 2609 374 2631 ⁵
396 2608 475 2640 Luc.
497 2608 646 2647 xx11,48.
