1806 3256
517 255 568 283 m:
600 254 710 289 sinn,
744 253 824 282 mn.
863 254 917 282 ιν.
1315 245 1394 290 155

52 330 276 377 Divinitate
297 330 501 387 imperat,
529 330 658 372 habes
681 331 721 371 in
752 331 973 386 Evangelio
995 331 1090 388 quia
1113 332 1235 375 Petro
1259 335 1362 378 dixit
1381 352 1391 377 ε

59 401 239 458 ςΒοὲςῑινί
257 416 333 458 pro
358 410 397 442 te
416 435 422 444 ,
449 410 593 441 utnon
614 400 780 442 deficiat
804 401 903 441 salvs
926 411 996 442 tua
1011 401 1039 442 ¹.
1060 421 1073 439 »
1088 402 1233 444 Eidem
1254 413 1393 446 autem

49 485 171 526 supra
191 470 344 512 dicenti
371 486 379 510 :
397 471 482 511 «Tu
503 487 545 511 es
565 471 755 511 Christus
773 471 901 511 Filius
916 471 987 511 Dei
1008 472 1103 519 vivi,
1119 490 1132 509 n
1147 474 1394 529 respondit:

58 540 148 582 «Tu
165 555 208 581 es
230 540 390 586 Petrus,
412 549 452 580 et
475 542 721 595 superindue
747 550 902 595 petrau}
926 541 1143 583 aedisscabo
1166 543 1396 584 Ecclesiam

48 624 235 656 »meamg
255 618 295 650 et
312 610 384 650 tibi
405 609 512 650 daho
530 611 666 650 clavos
681 610 794 666 regui
810 610 1045 652 coeIor111n2.
1065 611 1200 668 »Ergo
1219 612 1396 669 euipro·

46 679 135 737 pria
153 680 399 721 auctoritate
417 694 590 734 regnum
605 681 744 727 dabat,
769 680 892 734 hujus
909 680 1030 721 Iidem
1046 680 1211 722 firmare
1230 697 1311 723 non
1328 697 1398 739 po-

47 758 176 797 teram
210 765 334 807 quem
362 765 458 791 enin
493 758 652 805 petram
696 751 824 798 dicit,
865 750 1175 792 firmamentum
1204 752 1401 794 Ecclesiae

48 820 277 862 indicavit?
307 820 486 871 Quando
519 820 641 876 igitur
661 830 807 876 roget,
842 822 1009 876 quaudo
1031 821 1231 878 imperet,
1259 823 1399 865 consi-

53 890 164 932 dera.
217 890 350 946 Rogat
372 921 383 937 ‚
422 892 588 945 quaudo
624 905 819 946 passurus
861 890 1095 932 ostenditur
1131 904 1143 932 t
1179 891 1356 948 imperat
1385 923 1399 942 ‚

54 961 220 1016 quando
242 960 372 1001 Filius
395 960 467 1000 Dei
505 960 702 1001 creditur.

111 1028 258 1084 LVIII.
295 1030 406 1072 Duas
434 1030 561 1086 igitur
599 1030 757 1086 species
781 1030 1124 1086 impossibilitatis
1146 1045 1294 1074 vacare
1314 1032 1400 1089 jam

55 1100 287 1147 cernimus,
313 1100 425 1156 qued
449 1116 582 1156 neque
607 1101 858 1142 insensibilis
876 1133 886 1149 ,
909 1116 1046 1157 neque
1075 1101 1239 1144 infirma
1264 1109 1401 1161 potest

52 1184 141 1213 esse
169 1169 245 1211 Dei
274 1169 415 1212 virtus.
454 1170 668 1225 Numquid
706 1171 873 1211 tertium
903 1172 1098 1227 profertis
1120 1172 1159 1213 in
1184 1172 1399 1221 medium,

54 1240 167 1296 quod
198 1240 311 1295 quasi
345 1240 562 1296 imperitus
597 1240 685 1280 sine
717 1241 916 1297 magistro
943 1242 1082 1282 facere
1112 1242 1217 1284 nihil
1245 1228 1401 1299 possit,

53 1317 123 1358 aut
140 1325 282 1352 servus
299 1309 387 1350 sine
410 1309 611 1351 domino?
629 1309 737 1365 Ergo
763 1311 962 1351 mentitus
985 1326 1050 1359 es,
1075 1311 1252 1353 Domine
1278 1313 1374 1353 Jcsu
1390 1344 1401 1360 ‚

52 1380 122 1437 qui
145 1387 186 1421 te
207 1388 248 1420 et
265 1378 505 1436 Magistrum
525 1411 536 1427 ‚
556 1388 596 1420 et
619 1379 846 1420 Dominum
870 1380 956 1435 ipse
981 1380 1116 1422 dixisti
1133 1397 1144 1429 ;
1164 1388 1206 1422 et
1224 1380 1403 1422 fefellisti

51 1449 291 1505 Discipulos
328 1457 418 1490 tuos
434 1482 444 1497 ‚
479 1450 621 1490 dicens
643 1465 648 1487 :
667 1467 681 1486 α
698 1448 777 1490 Vos
810 1449 965 1490 voeatis
988 1465 1056 1490 me
1083 1449 1327 1506 Magistrum
1362 1457 1404 1491 et

52 1539 68 1558 »
83 1519 337 1567 Dominum,
361 1527 403 1560 et
429 1519 540 1560 bene
564 1519 700 1560 dicitis
718 1534 729 1565 ;
755 1534 846 1560 sum
867 1518 1070 1562 etenim³.
1087 1537 1102 1558 υ
1117 1520 1199 1562 Sed
1219 1535 1305 1562 non
1326 1520 1405 1563 sal·

53 1591 157 1636 lei-es
175 1622 186 1637 ,
214 1589 398 1637 Veritas,
423 1605 494 1631 eos
518 1590 748 1646 praesertim
775 1604 878 1646 quos
902 1590 1057 1631 amicos
1080 1590 1251 1633 vocasti.

111 1659 222 1703 LIX.
257 1660 414 1702 Tamen
443 1660 475 1700 si
506 1668 550 1701 ut
572 1660 813 1716 imperitum
834 1668 873 1701 te
892 1660 941 1700 ab
966 1658 1127 1701 artifice
1144 1667 1400 1708 secernunt,

52 1731 230 1772 viderint
254 1739 300 1772 ut
328 1731 425 1778 tibi,
456 1731 535 1772 hoe
568 1739 656 1778 est,
691 1731 766 1772 Dei
796 1730 1008 1787 sapientiae
1039 1730 1179 1772 dicant
1209 1730 1404 1788 peritiam

33 1799 256 1848 ·desuisse;
289 1800 492 1841 unitatem
527 1809 665 1841 tamen
699 1801 942 1841 substantiae
974 1799 1084 1840 inter
1106 1806 1146 1840 te
1172 1807 1213 1841 et
1235 1799 1403 1841 Patrem

56 1884 250 1926 separare
273 1885 355 1911 non
377 1878 566 1927 possunt.
593 1869 811 1912 Artificem
831 1885 1012 1926 namque
1035 1870 1085 1910 ab
1109 1869 1304 1927 imperito
1327 1869 1408 1911 im-

55 1939 277 1994 prudentia
293 1955 372 1980 non
390 1949 534 1981 natura
547 1939 729 1981 secernit
749 1954 757 1980 :
779 1941 948 1980 sednon
965 1940 1003 1980 in
1020 1939 1142 1980 Patre
1161 1937 1404 1987 artificium,

59 2023 195 2065 neque
223 2009 261 2050 in
290 2018 328 2050 te
350 2010 610 2065 insipienti33
637 2025 719 2050 non
741 2019 802 2050 est
829 2011 939 2058 enim
964 2010 1162 2065 insipiens
1185 2009 1401 2066 sapientia.

113 2078 202 2120 LX.
242 2078 347 2134 Ergo
370 2078 401 2118 si
423 2094 558 2134 neque
584 2079 830 2119 insensibilis
860 2079 899 2119 iu
922 2079 1027 2119 Filio
1052 2087 1223 2127 natura,
1269 2094 1406 2134 neque

57 2148 264 2194 debilitas,
285 2164 418 2204 neque
438 2149 640 2205 imperitia
656 2181 664 2195 ‚
679 2165 812 2205 neque
825 2150 1000 2190 servitus
1020 2157 1154 2205 potest
1172 2164 1261 2191 esse
1276 2166 1287 2197 3
1303 2165 1383 2191 con
1397 2175 1408 2182 —

57 2217 237 2259 siderent
256 2219 370 2273 quod
392 2227 432 2259 et
451 2234 523 2274 per
543 2228 731 2259 nutui-ain
753 2227 793 2259 et
811 2219 1071 2274 majestatem
1096 2233 1225 2259 unum
1245 2218 1296 2260 sit
1313 2234 1410 2260 cum

56 2287 178 2329 Patre
200 2288 344 2336 Filius,
365 2296 406 2329 et
428 2304 502 2344 per
515 2288 800 2344 operationem
822 2304 903 2330 nou
928 2289 1132 2345 discrepet
1154 2304 1172 2329 a
1191 2288 1312 2330 Patre
1334 2288 1412 2330 vii·-

60 2365 149 2405 tus;
185 2372 280 2399 cum
305 2358 444 2399 omnia
465 2374 555 2414 quae
582 2359 702 2399 Pater
720 2359 882 2407 secerit,
913 2361 1059 2400 eadem
1077 2357 1204 2399 Filius
1222 2358 1346 2399 saciat
1364 2357 1414 2399 si·

61 2427 216 2469 militer
234 2442 244 2468 :
264 2428 519 2483 nequeenim
544 2428 733 2470 similiter
748 2437 884 2485 potest
904 2428 1124 2484 quisquam
1140 2427 1278 2469 facere
1299 2427 1410 2469 idem

62 2499 305 2555 opus,qu0d
321 2499 424 2540 alius
446 2498 608 2547 feeerit3
635 2499 712 2541 nisi
735 2500 805 2556 qui
824 2509 866 2541 et
888 2499 1211 2555 inaequalitatem
1229 2513 1314 2540 non
1335 2498 1414 2541 ha-

108 2596 117 2611 ¹
137 2589 215 2622 Luc.
231 2599 312 2628 xxn,
325 2589 377 2622 52.
395 2607 434 2614 -
447 2597 459 2611 ²
481 2590 599 2622 Metui.
616 2601 683 2630 xvi,
702 2591 749 2622 18.
769 2609 808 2615 —
829 2593 842 2614 3
859 2592 955 2623 Joan.
975 2591 1115 2626 x111,15.
