1768 3283
25 30 27 37 ,

24 42 25 49 ,

22 62 30 106 t

27 106 29 120 Ι

20 199 25 228 i,

18 234 24 319 ²1,
530 271 581 297 nn
613 269 723 304 rma,
758 269 836 297 Lm.
874 269 910 297 v.
1327 261 1410 316 249

16 371 23 410 ῃ
59 357 366 393 »cucurrerunt
387 348 429 390 in
451 348 543 396 siti,
569 364 640 390 ore
663 363 738 390 suo
758 349 1092 398 benedicebant,
1117 359 1159 392 et
1182 353 1310 393 corde
1334 368 1407 394 suo

14 446 19 481 ᾗ
57 418 433 463 »[ικιῐυάἰεοὺῑιῃῑ“.
456 437 471 457 »
490 418 624 460 Jndaei
647 419 757 460 onim
776 451 787 469 ,
809 427 1050 476 reportante
1065 419 1175 462 Juda
1197 420 1404 478 pretium,

12 483 19 533 *i
55 492 240 548 recipere
264 491 489 532 noluerunt
507 489 539 538 ²,
567 498 783 532 currentes
805 491 844 532 in
868 491 934 532 siti
960 491 1176 540 amentiae3
1200 491 1296 548 quia
1319 492 1405 549 spi-

11 558 19 620 j
53 561 180 604 ritulis
204 569 325 618 potus
354 560 528 609 gratiam
552 569 813 602 recusarunt.

109 631 397 674 CLXXXVII.
434 631 531 673 ltaec
571 640 633 673 est
672 631 735 688 pia
779 629 1054 688 subjectionis
1090 632 1396 690 interpretatio.

8 691 15 749 :f
47 702 210 744 Etenim
244 717 340 743 cum
368 700 599 742 Dominicae
622 700 823 758 passionis
855 701 936 742 hoc
964 717 1118 743 munus
1143 703 1221 750 sit,
1253 702 1400 759 ntique

6 770 13 845 ff
44 771 84 813 in
107 786 189 828 quo
214 786 355 828 passus
379 779 462 818 est,
486 770 526 811 in
550 771 629 811 hoe
652 771 731 812 erit
758 770 975 825 subjssctus
996 771 1035 812 in
1059 772 1194 814 nobis.
1223 773 1390 824 Quaeri-

4 833 12 906 i
43 856 137 884 mus
158 857 238 898 qua
264 840 418 882 causa?
443 842 492 882 [t
516 855 650 896 neque
674 840 846 896 Angeli,
879 857 1012 897 neque
1038 843 1235 890 virtutes,
1261 857 1398 900 neque

4 907 11 949 ἒ
43 913 241 959 altitudo,
273 926 409 967 neque
436 911 713 967 profundum,
740 926 878 967 neque
901 911 1146 968 prsesentia,
1170 927 1307 968 neque
1337 914 1398 954 su-

43 990 130 1023 tura
148 1013 157 1029 ,
182 996 318 1037 neque
348 989 541 1023 creatura
570 981 648 1022 alia
671 996 864 1038 separare
894 996 969 1023 nos
992 982 1122 1039 possit
1147 997 1166 1023 a
1192 982 1396 1025 charitate

0 1054 7 1111 f
39 1053 138 1101 Dei,
161 1067 254 1110 quae
273 1060 334 1094 est
359 1052 397 1093 in
424 1052 590 1094 Christo
607 1051 744 1093 Jesu³.
773 1051 970 1094 Videmus
990 1053 1128 1110 itaque
1146 1069 1196 1095 ex
1215 1054 1277 1096 his
1297 1070 1389 1110 quse

0 1080 7 1182 i
38 1123 247 1170 diximus,
283 1123 442 1164 nullam
475 1131 693 1180 exceptam
727 1137 815 1163 csse
854 1131 1091 1164 creaturam
1123 1138 1132 1164 :
1162 1125 1235 1165 sed
1271 1123 1386 1173 istis,

0 1185 5 1314 Ι
36 1208 136 1250 quas
160 1208 283 1249 supra
303 1192 430 1239 dixit,
457 1207 624 1233 omnem
640 1224 649 1240 ,
676 1192 708 1233 si
731 1207 810 1248 qua
834 1200 894 1234 cst
911 1225 919 1239 ‚
942 1201 1260 1235 annumeratam
1283 1209 1384 1236 esse.

94 1261 402 1305 CLXXXVIII.
443 1262 578 1304 Simul
609 1262 735 1304 etiam
773 1263 878 1304 ittud
904 1272 966 1304 est
1001 1263 1386 1312 considerandum,

0 1318 2 1370 i
31 1334 144 1390 quod
171 1348 267 1375 cum
289 1333 328 1374 iu
348 1333 634 1390 superioribus
667 1333 817 1374 dixerit
837 1348 846 1373 ε
864 1352 878 1370 α
903 1333 1006 1384 Quis
1033 1349 1107 1374 nos
1131 1334 1339 1390 separabit
1367 1349 1388 1375 a

31 1423 46 1443 »
61 1403 263 1445 charitate
288 1403 511 1445 ChristibPu
533 1403 678 1444 subter
701 1403 837 1458 posuit
858 1417 898 1443 :a
914 1402 1058 1459 Neque
1078 1417 1191 1445 mors
1210 1436 1220 1451 ,
1246 1417 1384 1459 neque

28 1492 42 1510 n
61 1474 164 1521 sita,
194 1488 270 1514 nec
294 1473 368 1514 alia
400 1481 589 1514 creatura
618 1487 810 1529 separare
838 1488 912 1513 nos
941 1472 1094 1529 poterit
1117 1487 1136 1513 a
1166 1472 1376 1514 charitate

28 1562 42 1582 n
57 1543 129 1583 Dei
149 1576 158 1591 ‚
194 1558 295 1606 quae!
318 1552 380 1584 est
402 1543 442 1584 in
465 1543 631 1584 Christo
652 1542 767 1584 Jesu.
786 1562 799 1581 »
816 1542 1016 1584 Videmus
1046 1557 1146 1599 ergo
1180 1544 1376 1584 eamdem

25 1614 270 1655 charitatem
298 1613 372 1655 Dei
391 1629 502 1660 esse,
527 1629 620 1670 quse
644 1613 798 1654 Christi
821 1621 897 1654 est.
922 1613 1112 1669 Denique
1136 1628 1221 1655 non
1246 1613 1379 1655 otiose

23 1683 159 1741 posuit
197 1683 446 1726 charitatem
485 1684 725 1739 Dei,«quae
766 1692 828 1725 est
860 1683 899 1724 in
941 1683 1110 1724 Christo
1143 1684 1265 1731 Jesu3
1286 1703 1299 1722 u
1323 1699 1377 1726 ne

25 1762 257 1812 separatam
293 1755 368 1796 Dei
405 1764 446 1796 et
486 1753 640 1796 Christi
681 1754 934 1810 intelligeres
969 1753 1230 1795 charitatem.
1269 1754 1381 1797 Nihil

23 1833 161 1866 autem
181 1826 377 1882 estquod
396 1825 576 1867 charitas
594 1824 772 1871 dividat,
794 1824 897 1865 nihil
915 1825 1028 1880 quod
1049 1824 1250 1865 Divinitas
1269 1839 1374 1865 sem-

20 1895 181 1953 piterna
203 1911 287 1937 non
310 1896 468 1952 possit,
492 1895 597 1937 nihil
613 1896 725 1952 quod
742 1897 868 1938 lateat
886 1894 1123 1944 veritatem,
1146 1894 1261 1937 sallat
1280 1894 1369 1952 jus-

24 1964 154 2007 titiam
169 1998 180 2014 ,
200 1973 419 2023 praetereat
442 1965 700 2022 sapientiam.

63 2075 70 2091 ¹
94 2068 304 2107 Psai.1.u,4.
324 2088 363 2092 -
382 2079 392 2093 ¹
416 2069 531 2102 Msum.
547 2079 646 2108 xxvii,
662 2068 737 2101 6.—
756 2070 769 2092 ³
789 2069 881 2101 Rom.
900 2079 971 2108 uu,
986 2068 1039 2105 58,
1055 2069 1153 2111 39.-
1174 2067 1286 2100 ⁴tbid.
1301 2068 1358 2099 55.
