1768 3283
365 293 451 347 324
910 307 944 336 s.
982 304 1172 336 Animosn

424 384 565 427 CLIII.
602 383 711 442 Ergo
744 383 904 426 flumen
941 393 1003 427 est
1035 383 1213 440 Spiritus
1246 391 1436 431 sanctus,
1475 391 1516 425 et
1554 381 1713 425 ssumen
1764 400 1768 426 ι

363 456 592 498 maximum
606 488 616 504 ,
642 444 754 511 quod
773 456 1008 496 secundum
1027 454 1223 495 Hebraeos
1243 453 1293 494 de
1315 452 1419 496 Jesu
1439 453 1558 496 ssuxit
1581 453 1621 494 in
1639 461 1715 494 ter·
1765 457 1768 496 i

363 525 444 575 ris,
469 534 514 566 ut
539 540 610 565 ore
630 524 760 565 Esaiae
782 524 1021 581 accepimus
1044 523 1390 580 prophetatum¹.
1414 524 1610 581 Magnum
1633 523 1715 564 hoc
1736 516 1740 533 '
1765 542 1768 566 ε

362 594 542 640 ssumen,
569 594 681 649 quod
702 593 794 634 ssuit
828 608 1009 650 semper,
1035 601 1077 634 et
1104 607 1321 648 nunquam
1353 591 1506 634 deficit.
1540 592 1624 635 Nec
1655 607 1717 634 so·

360 665 450 705 lum
475 663 654 711 ssumen,
680 664 752 704 sed
779 663 904 704 ctiam
941 661 1099 719 profusi
1130 662 1331 719 impetus,
1355 671 1397 704 et
1417 661 1717 719 magnitudinis

363 734 636 776 redundantis
654 765 663 780 ‚
690 733 797 775 sicut
815 733 941 775 etiam
962 732 1095 774 David
1127 732 1229 774 dixit
1251 747 1260 773 :
1285 750 1300 768 (ι
1318 732 1426 784 Quia
1443 732 1628 774 fluminis
1645 731 1718 773 im·
1740 736 1745 782 ⁴.
1766 752 1768 754 ·

366 813 515 862 »petus
536 802 719 845 laetilicat
741 803 953 845 civitatem
970 802 1089 848 Dei².
1116 821 1131 842 n
1740 851 1744 865 ν

425 873 563 916 CLIV.
603 873 746 929 Neque
789 873 901 914 enim
941 873 1086 916 civitas
1129 873 1196 915 illa
1235 873 1493 916 Hierusalem
1539 872 1719 916 coelestis
1744 882 1746 915 ζ

365 953 507 986 meatu
531 943 707 997 alicuius
729 942 847 985 ssuvii
878 944 1086 985 terrestris
1119 944 1300 985 acluitur
1321 960 1329 985 :
1353 945 1426 986 sed
1456 944 1524 986 ille
1551 960 1601 985 cx
1627 944 1720 985 vitae
1743 943 1748 962 ³

365 1016 479 1056 fonte
497 1016 731 1072 procedens
746 1014 926 1071 Spiritus
944 1023 1132 1062 sanctus,
1155 1014 1275 1071 cujus
1297 1030 1372 1056 nos
1398 1015 1744 1071 brevisatiamurk

367 1086 544 1133 haustu,
576 1085 617 1125 iu
649 1085 726 1125 illis
764 1085 1002 1125 coelestibus
1031 1084 1242 1131 Thronis,
1282 1085 1647 1126 Dominationibus
1682 1093 1749 1133 ct

367 1155 647 1197 Potestatibus
661 1186 671 1202 ‚
692 1154 859 1210 Angelis
882 1162 923 1194 ct
942 1153 1220 1210 Archangelis
1239 1155 1541 1196 redundantius
1561 1154 1724 1196 videtur

356 1226 692 1281 ‚essluere‚pleno
711 1233 870 1280 septem
890 1223 1102 1265 Yirtutum
1119 1224 1367 1280 spiritalium
1383 1224 1543 1266 fervens
1563 1233 1719 1267 meatu.
1746 1227 1750 1269 ’ᾗ

370 1296 411 1337 Si
432 1296 542 1337 cuim
561 1294 710 1335 fluvius
729 1294 916 1350 riparum
936 1294 1056 1335 editis
1074 1294 1317 1350 superfusus
1336 1295 1538 1342 exundat,
1564 1303 1723 1350 quanto
1747 1300 1751 1329 ἑ

369 1366 500 1422 magis
528 1365 706 1421 Spiritus
725 1373 892 1406 ornnem
919 1364 1236 1419 supereminens
1261 1372 1497 1406 creaturam
1514 1397 1524 1412 ,
1550 1379 1645 1405 cum
1665 1378 1725 1404 re·
1749 1409 1753 1422 ἢ

369 1437 481 1492 liqua
505 1443 703 1491 tauquam
731 1434 924 1475 inferiora
945 1441 1098 1475 nostrae
1136 1434 1287 1475 mentis
1323 1448 1418 1475 arva
1453 1433 1720 1490 perstringat,
1750 1458 1752 1464 ·

374 1574 717 1618 sanctificationis
740 1575 936 1615 ubertate
956 1573 1169 1615 laetificat?

436 1645 555 1688 CLV.
588 1644 674 1687 Ncc
703 1652 870 1685 moveat
894 1645 1006 1700 quod
1029 1645 1093 1685 vel
1126 1643 1195 1685 hic
1219 1643 1320 1685 dixit
1341 1661 1355 1681 «
1372 1642 1609 1691 Flumina³‚
1627 1661 1642 1682 ι
1663 1643 1729 1685 vol

375 1716 472 1759 alibi
507 1734 521 1754 α
546 1714 714 1771 Septem
757 1713 924 1770 spiritus
947 1714 995 1762 ‘⁴3
1026 1732 1040 1752 n
1075 1714 1138 1756 his
1176 1715 1288 1755 enim
1325 1713 1755 1755 sanctificationibus

376 1795 535 1843 septem
558 1783 804 1841 spiritalium
820 1816 829 1831 ,
861 1784 970 1825 sicut
1006 1783 1148 1825 Esaias
1177 1782 1585 1840 dixit‚=siguificatur
1602 1783 1730 1840 pleni·
1753 1818 1757 1839 3

377 1857 478 1898 tudo
501 1855 704 1896 virtutum
732 1868 740 1893 :
766 1871 781 1891 ιι
803 1852 982 1910 Spiritus
1011 1854 1223 1910 sapientiae
1255 1863 1296 1895 ct
1321 1854 1583 1908 intellectus3
1606 1852 1730 1909 spiri·
1754 1883 1757 1887 -

379 1945 394 1964 »
410 1934 475 1967 tus
497 1924 658 1967 consilii
678 1931 802 1980 atque
820 1923 1000 1970 virtutis,
1023 1924 1190 1981 spiritus
1216 1923 1466 1980 cognitionis
1496 1931 1619 1978 atque
1648 1922 1732 1979 pie·
1754 1949 1759 1974 ιε

377 1995 527 2042 natis,
560 1994 727 2050 spiritus
762 1993 920 2050 timoris
954 1993 1075 2035 Dei⁵.
1095 2012 1110 2032 »
1135 1994 1275 2035 Unum
1309 2007 1409 2049 ergo
1440 1992 1597 2034 flumen
1616 2024 1625 2038 ,
1657 1993 1732 2034 sed
1756 2000 1758 2039 ὲ

377 2066 501 2108 multi
533 2064 782 2121 spiritalium
824 2065 1032 2105 donorum
1070 2072 1246 2105 meatus.
1284 2063 1372 2105 Hoc
1413 2062 1538 2120 igitur
1571 2062 1732 2104 flumen
1756 2060 1760 2098 ἶ

378 2135 464 2177 exit
489 2150 540 2176 ex
568 2134 680 2175 sonte
705 2134 810 2175 vitae.

439 2204 574 2248 CLVI.
614 2203 700 2246 'Nec
720 2203 788 2244 hic
807 2219 949 2244 rursus
968 2219 1136 2246 sensum
1161 2212 1277 2245 tuum
1304 2204 1355 2245 ad
1378 2202 1570 2245 inferiora
1594 2203 1735 2243 detor-⁸
1757 2195 1760 2238 ξ

380 2290 528 2332 queas,
554 2274 648 2329 quia
671 2272 862 2329 quaedam
886 2274 1112 2315 Diversitas
1140 2274 1305 2315 videtur
1327 2287 1417 2313 esse
1441 2272 1565 2313 sontis
1588 2279 1629 2312 ct
1650 2270 1733 2312 ssu-

336 2360 341 2364 ·
379 2345 530 2392 minis;
558 2352 757 2385 ettamen
781 2343 831 2384 ad
854 2343 993 2384 omnia
1013 2343 1224 2399 prospexit
1253 2342 1470 2399 Scriptura
1493 2341 1656 2387 divina,
1681 2354 1733 2380 ne

381 2414 602 2458 infirmitas
637 2413 809 2455 humani
845 2421 1067 2471 caperetur
1099 2413 1252 2470 ingenii
1286 2412 1441 2453 vilitate
1473 2424 1728 2453 sermonum.

379 2486 595 2543 Propon-as
618 2484 693 2526 tibi
711 2484 809 2526 licet
831 2484 1006 2540 quodvis
1030 2483 1189 2525 ssumcn
1206 2514 1216 2531 ,
1240 2498 1262 2524 e
1288 2481 1402 2523 sonte
1426 2489 1513 2531 est;
1534 2479 1656 2521 unius
1677 2487 1735 2520 ta-

882 2556 898 2577 υ

425 2588 534 2619 ⁸lsa'1'.
553 2598 642 2626 mvi,
664 2599 711 2620 12.
729 2606 770 2615 -
788 2595 800 2610 ²
830 2587 914 2622 Psal.
943 2597 1014 2626 xm,
1030 2588 1062 2622 5.
1077 2605 1109 2612 -
1132 2588 1146 2612 ³
1164 2586 1260 2620 Joan.
1277 2597 1334 2627 vu,
1354 2585 1405 2618 58.
1429 2602 1470 2609 —-
1487 2586 1499 2612 ⁴
1519 2584 1620 2627 Apoc.
1645 2592 1676 2621 V,
1698 2580 1729 2613 6·
1764 2579 1768 2586 '

1756 2580 1762 2608 l

380 2656 420 2667 —-—
439 2644 452 2666 ⁵
475 2642 546 2675 lsai.
563 2653 608 2681 xi,
625 2654 653 2682 2,
669 2645 700 2677 5.
1756 2609 1763 2705 Ι

1757 2708 1762 2756 l

1758 2798 1763 2938 l

1759 2953 1763 2976 i

1759 2979 1764 3068 ἑ
