1806 3256
376 288 432 339 4ο
920 297 952 325 s.
992 294 1182 324 annnosn

374 391 529 420 nomen
548 375 791 433 quaerimus,
821 373 972 417 veritas
989 381 1050 415 est
1064 389 1074 421 ;
1090 373 1121 414 si
1137 371 1399 428 majestatem
1412 370 1636 428 qnaerimus
1657 385 1726 413 na-
1782 408 1784 412 ,

375 449 579 496 turalem,
612 462 663 489 eo
694 461 827 502 usque
857 444 988 487 Filius
1014 443 1089 487 Dei
1106 458 1228 485 verus
1249 450 1338 490 est,
1370 451 1416 485 ut
1446 451 1488 485 et
1515 442 1721 500 proprius.

374 519 588 577 Scriptum
612 525 674 559 est
686 516 798 559 enim
824 530 833 556 ε
865 533 880 553 u
899 513 983 566 Qui
1009 513 1178 571 proprio
1195 513 1301 555 Filio
1324 528 1406 555 non
1423 513 1636 571 pepercit.
1657 514 1729 555 sed

374 608 390 628 n
404 604 479 645 pro
498 586 617 629 nobis
635 585 806 627 tradidit
825 598 920 625 eum
935 583 947 604 ¹
973 597 982 624 τ
1007 582 1208 625 »tradidit
1227 583 1373 639 utique
1393 583 1625 625 secundum
1643 596 1730 624 car·
1783 585 1786 635 j

372 674 482 702 nem.
512 656 750 714 Proprietas
771 653 1009 696 Divinitatis
1033 661 1119 702 est,
1142 653 1295 696 veritas
1324 653 1591 712 proprietatis
1614 686 1625 703 ,
1649 652 1730 695 mi·
1783 691 1785 695 ,

372 727 599 772 sericordia
623 725 787 783 pietatis
806 757 816 772 ,
842 723 1000 766 oblatio
1023 723 1272 781 securitatis.

431 797 542 839 CIX.
582 795 665 838 Sed
683 811 733 836 ne
747 793 1124 842 calumniarentur,
1144 793 1238 850 quia
1263 793 1467 850 scriptum
1492 800 1580 834 est:
1598 808 1613 830 ι
1634 792 1732 834 Tra·

373 885 389 908 n
405 867 512 910 didit
535 880 632 907 eum
651 865 794 913 Pater3
819 882 833 902 n
848 863 935 921 ipse
957 862 1184 921 Apostolus
1207 863 1303 904 alibi
1321 862 1424 905 dixit
1443 877 1452 903 ε
1469 879 1483 899 ι(
1500 862 1584 904 Pax
1609 876 1630 902 a
1646 861 1734 903 Deo

374 938 550 985 »Patre,
579 943 621 977 et
644 934 830 977 Domino
857 941 1001 975 nostro
1020 932 1122 975 Jesn
1148 932 1329 984 Christo,
1355 932 1424 989 qui
1450 946 1495 973 se
1520 931 1635 973 dedit
1659 945 1735 987 pro
1785 934 1788 958 2

375 1006 592 1066 »peccatis
632 1004 786 1048 nostris·
805 1004 819 1025 ²
848 1021 898 1053 ς»
929 1012 971 1045 et
1009 1003 1107 1045 alibi
1142 1018 1150 1044 :
1187 1022 1201 1042 ι
1226 1003 1346 1045 Sicut
1380 1002 1571 1045 Christus
1593 1001 1736 1043 dilexit
1785 1007 1788 1058 ᾗ

377 1097 392 1118 ι
410 1092 484 1120 nos
503 1110 513 1126 ,
533 1084 575 1118 et
598 1074 770 1118 tradidit
794 1073 1066 1130 semetipsum
1089 1088 1164 1131 pro
1186 1072 1350 1115 nobis².
1375 1091 1390 1112 »
1410 1073 1455 1115 Si
1471 1086 1572 1129 ergo
1592 1081 1634 1113 et
1659 1079 1738 1114 tra·
1785 1064 1788 1099 ss

381 1148 492 1190 ditus
516 1153 580 1188 est
616 1161 638 1187 a
668 1145 816 1194 Patre,
837 1152 879 1186 et
905 1144 971 1201 ipe
992 1159 1034 1186 se
1057 1144 1256 1191 tradidit,
1285 1152 1458 1200 apparet
1486 1156 1616 1184 unam
1649 1155 1738 1183 esse
1785 1167 1788 1205 ᾗ

378 1217 691 1278 operationem,
724 1230 851 1257 unam
872 1230 963 1257 esse
984 1215 1116 1257 Patris
1139 1223 1181 1256 et
1202 1214 1297 1257 Filii
1319 1215 1593 1256 voluntatem.

441 1289 530 1332 CX.
567 1287 609 1330 Si
634 1287 870 1329 naturalem
894 1299 995 1342 ergo
1017 1285 1282 1341 majestatem
1306 1285 1554 1341 quaerimus,
1575 1282 1741 1340 genitus
1784 1325 1788 1340 ἶ

383 1368 459 1403 est.
497 1359 580 1411 Qui
614 1358 803 1415 genitum
837 1354 1065 1404 inficiatur,
1101 1355 1318 1412 proprium
1354 1363 1510 1412 negat:
1537 1353 1607 1410 qui
1640 1367 1741 1410 pro-

382 1431 523 1489 prium
550 1428 719 1475 abnuit,
755 1441 1026 1469 communem
1058 1425 1220 1468 caeteris
1256 1425 1498 1467 arbitratur.
1537 1424 1610 1466 Sin
1644 1438 1741 1465 vero

385 1500 665 1560 generationis
688 1497 817 1556 ipsius
838 1497 1140 1555 proprietatem
1159 1497 1436 1553 requirimus,
1472 1511 1523 1538 ex
1543 1495 1632 1538 Deo
1654 1494 1743 1537 exi·
1785 1533 1788 1547 ,

386 1574 460 1616 vit.
488 1571 593 1617 Nam
617 1585 713 1612 cum
734 1569 775 1611 in
803 1584 882 1610 usu
913 1577 1056 1610 nostro
1079 1567 1121 1609 id
1144 1567 1195 1609 sit
1221 1567 1334 1609 exire
1358 1567 1472 1624 quod
1494 1567 1579 1623 jam
1603 1567 1680 1614 sit,
1702 1574 1744 1608 et
1785 1550 1789 1558 ¹

388 1658 439 1685 ex
460 1640 729 1683 interioribus
755 1638 926 1681 secretis
949 1637 1119 1696 prodire
1148 1637 1353 1684 videatur,
1379 1637 1492 1694 quod
1514 1636 1626 1678 exire
1654 1650 1745 1693 per-

391 1713 590 1755 hibetur:
620 1710 803 1768 angustis
833 1709 934 1751 licet
966 1708 1235 1751 sermonibus
1268 1708 1569 1764 proprietatem
1596 1707 1745 1749 divinae
1786 1723 1789 1730 ·

392 1781 674 1841 generationis
698 1779 980 1826 advertimus3
1014 1787 1061 1820 ut
1088 1793 1173 1820 non
1203 1793 1253 1819 ex
1274 1779 1368 1819 loco
1393 1778 1530 1834 aliquo
1557 1777 1747 1819 videatur

395 1853 527 1895 exisse
545 1885 555 1900 ,
581 1850 653 1893 sed
677 1859 723 1891 ut
742 1850 855 1891 Deus
876 1864 927 1891 ex
947 1848 1061 1897 Deo,
1079 1848 1209 1890 Filius
1227 1863 1277 1889 ex
1298 1848 1441 1896 Patre3
1465 1862 1540 1889 nec
1560 1847 1748 1888 videatur

397 1922 574 1980 coepisse
603 1936 653 1962 ex
686 1929 899 1977 tempore,
935 1918 1005 1974 qui
1037 1933 1087 1959 ex
1114 1917 1236 1960 Patre
1259 1918 1472 1959 nascendo
1502 1917 1664 1974 prodit,
1703 1924 1748 1958 ut

397 1994 500 2036 dixit
517 1993 603 2048 ipse
621 1991 691 2048 qui
708 1999 829 2031 natus
855 1997 915 2031 est
937 2004 945 2030 :
975 1989 1067 2030 «Ex
1090 2004 1162 2030 ore
1185 1988 1385 2031 Altis-simi
1408 1987 1583 2045 prodfi‘.
1609 2008 1624 2026 »

457 2063 566 2106 CXI.
606 2061 689 2103 Sed
713 2061 744 2102 si
769 2068 964 2102 naturam
997 2074 1080 2101 non
1116 2067 1368 2116 agnoscunt,
1398 2059 1430 2100 si
1462 2074 1543 2101 non
1571 2060 1750 2100 credunt

398 2133 625 2192 Scriptnris
643 2166 653 2181 ,
677 2133 741 2174 vel
763 2131 960 2188 operibus
980 2131 1166 2172 credant.
1192 2129 1269 2170 Cui
1288 2129 1389 2170 dicit
1405 2129 1526 2171 Pater
1548 2144 1556 2170 :
1576 2148 1589 2167 α
1609 2129 1751 2171 Facia-

399 2221 522 2248 »mus
546 2202 806 2250 hominem⁵;
827 2221 843 2241 »
867 2201 944 2243 nisi
965 2200 1002 2242 ei
1025 2215 1150 2257 quem
1178 2214 1321 2241 verum
1345 2199 1498 2241 Filium
1523 2198 1682 2242 sciret?
1703 2199 1750 2240 In

400 2291 483 2333 qno
506 2275 583 2316 nisi
608 2274 648 2315 in
675 2288 774 2315 vero
797 2287 916 2314 suam
941 2271 1162 2330 imaginem
1191 2269 1542 2326 recognosceret?
1574 2269 1666 2313 Non
1689 2277 1751 2311 est

400 2362 532 2390 unum
555 2345 773 2402 adoptivus
795 2352 835 2385 et
855 2358 1000 2391 verus3
1026 2357 1103 2383 nec
1126 2341 1254 2383 Filius
1278 2341 1436 2383 diceret
1457 2356 1466 2382 ε
1493 2359 1507 2379 α
1527 2341 1663 2382 Unum
1688 2356 1754 2382 su·
1786 2341 1790 2393 ζ

402 2416 546 2459 »mns⁶
567 2449 577 2465 ,
597 2417 626 2457 si
653 2431 694 2456 se
711 2430 808 2456 cum
832 2428 949 2464 vero,
973 2413 1042 2469 qui
1067 2427 1187 2453 verus
1211 2426 1294 2452 non
1322 2418 1429 2452 esset
1453 2411 1562 2467 ipse,
1589 2410 1751 2452 conser-

400 2496 477 2530 ret.
507 2505 522 2525 α
545 2484 768 2529 Faciamus
788 2503 802 2523 n
824 2498 923 2541 ergo
952 2483 1054 2525 dicit
1080 2482 1215 2523 Pater.
1247 2479 1329 2532 Qui
1358 2480 1482 2530 dixit,
1507 2494 1629 2521 verus
1652 2487 1713 2521 cst
1740 2494 1749 2520 :

448 2597 456 2612 ¹
481 2589 575 2620 Rom.
604 2598 674 2623 vm,
690 2586 745 2618 32,
762 2603 803 2610 -
818 2595 830 2609 2
851 2584 957 2616 Galat.
975 2595 998 2618 ι.
1013 2584 1043 2619 3,
1061 2583 1138 2621 4.-
1155 2585 1167 2607 ³
1185 2582 1300 2625 Ephes.
1316 2592 1348 2622 v,
1368 2592 1397 2613 2.
1412 2599 1450 2604 —
1473 2579 1601 2612 ⁴Eccli.
1617 2589 1704 2619 xxiv,
1721 2580 1753 2613 5.
1786 2565 1790 2576 ²

401 2662 440 2668 -
458 2645 468 2664 '³
488 2644 570 2676 Gen.
587 2653 610 2681 ι,
626 2642 674 2674 26.
696 2659 732 2665 —
747 2641 762 2664 θ
783 2640 879 2673 Joan.
898 2650 964 2677 xvv,
983 2649 1031 2671 22.
1786 2630 1789 2639 ¹
