1768 3283
383 321 434 348 nr.
467 320 624 348 smm'ru
656 320 832 355 smero,
868 322 945 349 Lm.
986 323 1046 349 111.
1321 312 1404 368 427

116 397 214 440 CLI.
253 398 387 439 Habet
419 398 532 438 Deus
552 399 662 453 quod
687 398 859 438 suscitat
881 407 1068 441 mortuos
1089 415 1098 440 :
1118 400 1263 442 «Sicut
1293 403 1404 443 onim

59 465 207 507 »Pater
233 467 404 508 suscitat
426 475 639 516 mortuos,
675 475 716 508 ct
740 467 921 509 vivificat
945 483 954 509 :
986 469 1045 510 sic
1073 479 1115 511 et
1139 470 1269 511 Filius
1297 487 1400 526 quos

58 537 176 577 »vult
196 569 206 583 ,
245 535 468 577 vivificat¹.
486 557 499 574 a
520 536 701 578 Suscitat
737 545 875 577 autom
911 538 1036 580 ctiam
1078 540 1258 595 Spiritus
1275 573 1287 586 ,
1328 555 1405 596 per

59 621 182 662 quem
212 606 324 647 Deus
358 607 553 654 suscitat3
594 608 687 662 quia
722 608 925 664 scriptum
958 608 1333 651 est:«Vivisicabit
1365 619 1406 651 ct

58 694 74 715 1>
89 676 279 717 mortalia
302 691 479 732 corpora
499 685 633 717 vestra
658 692 731 732 per
751 677 1009 719 habitantem
1029 678 1229 734 Spiritum
1253 679 1343 734 ejus
1366 679 1408 719 in

60 744 246 786 »vobis².
265 764 279 782 n
302 745 460 786 Tamen
491 760 541 785 nc
565 745 775 786 infirmam
799 747 974 801 gratiam
999 756 1142 802 putes,
1178 747 1273 788 audi
1308 748 1402 803 quia

59 823 100 856 et
121 814 297 871 Spiritus
315 815 500 861 suscitat3
517 815 618 856 dicit
640 814 750 855 onim
775 816 982 871 Propheta
1001 816 1195 857 Ezechiel
1214 833 1223 857 :
1242 838 1255 853 «ι
1272 816 1394 864 Veni,

58 902 74 923 »
89 883 269 939 Spiritus
285 916 296 932 ,
321 892 362 924 et
380 883 542 924 insuffla
570 883 610 924 in
634 892 821 924 mortuos
844 883 941 924 istos
957 915 967 930 ,
989 892 1030 924 et
1052 884 1206 926 vivent.
1234 885 1285 925 Et
1308 900 1409 940 pro-

59 953 254 1010 »phetavi
285 953 392 994 sicut
418 953 630 994 mandavit
655 952 782 1000 mihi,
807 960 847 993 et
872 953 1041 993 intravit
1064 952 1103 994 in
1138 968 1208 994 eos
1231 952 1410 1009 Spiritus

59 1023 179 1064 »vitae
196 1055 206 1071 ‚
233 1031 274 1064 et
296 1023 507 1071 vixerunt,
541 1031 582 1064 et
603 1030 809 1063 steterunt
832 1022 872 1062 in
894 1023 1072 1078 pedibus
1103 1023 1186 1063 suis
1220 1036 1398 1080 congre-

59 1092 200 1148 »gatio
230 1092 352 1133 nimis
384 1092 531 1134 multa.
565 1110 578 1129 n
599 1092 652 1133 Et
679 1090 784 1132 infra
803 1091 922 1132 -Deus
947 1091 1050 1133 dicit
1076 1092 1279 1134 :aScietis
1302 1095 1415 1148 quod

0 1159 1 1172 ³
60 1176 164 1218 »ego
200 1177 292 1203 sum
319 1162 551 1209 Dominus,
588 1176 685 1202 cuin
721 1161 903 1218 aperiam
942 1164 1134 1218 sepulcra
1168 1171 1328 1210 vestra3
1364 1173 1411 1205 ut

58 1232 265 1273 »educam
283 1233 334 1272 de
357 1231 562 1287 sepulcris
588 1232 793 1288 populum
811 1246 954 1272 meum
978 1248 986 1272 :
1008 1240 1049 1273 et
1073 1233 1180 1273 daho
1203 1232 1409 1289 Spiritum

61 1315 231 1343 »meum
254 1301 294 1342 in
320 1316 414 1348 vos,
435 1309 477 1342 et
502 1300 686 1342 vivetis⁵.
705 1320 721 1337 »

120 1370 242 1413 CLII.
281 1372 430 1427 Utique
461 1386 559 1412 cum
595 1370 799 1426 Spiritum
835 1386 958 1412 suum
992 1372 1172 1419 dixerit,
1206 1372 1414 1428 numquid

62 1441 187 1483 alium
212 1450 363 1498 praeter
380 1440 584 1497 Spiritum
609 1448 802 1483 sanctum
818 1441 1108 1497 nuncupavit?
1132 1441 1276 1496 Neque
1299 1441 1411 1482 enim

60 1512 233 1555 flatilem
254 1512 447 1568 spiritum
466 1526 588 1552 suum
609 1511 790 1559 diceret,
810 1526 890 1553 nec
912 1512 981 1553 hic
997 1512 1167 1568 spiritus
1186 1528 1207 1553 a
1229 1519 1410 1567 quatuor

61 1582 210 1624 mundi
248 1590 386 1638 posset
417 1582 557 1622 venire
591 1581 862 1628 cardinibus3
896 1581 991 1636 quia
1025 1590 1252 1622 ventorum
1286 1581 1411 1622 ssatus

63 1651 156 1699 hic,
189 1666 313 1707 quem
336 1651 550 1698 videmus,
575 1650 702 1707 partis
734 1665 818 1691 non
847 1651 1128 1704 universitatis
1155 1659 1216 1692 est
1241 1668 1250 1691 τ
1279 1660 1320 1692 et
1342 1651 1413 1691 hic

63 1722 232 1780 spiritus
259 1737 341 1777 quo
370 1721 578 1769 vivimus,
602 1721 860 1776 singulorum
885 1736 968 1762 non
1002 1722 1294 1763 universorum
1322 1731 1382 1763 est
1403 1737 1413 1762 t

64 1792 242 1849 Spiritus
265 1800 404 1832 autem
423 1791 554 1832 sancti
571 1799 650 1838 est,
674 1799 721 1832 ut
744 1799 785 1832 et
808 1806 932 1847 super
955 1806 1098 1832 omnes
1116 1824 1126 1838 ,
1144 1799 1184 1832 et
1208 1791 1250 1832 in
1275 1792 1406 1832 omni-

63 1863 142 1903 bus
169 1861 234 1902 sit.
266 1861 408 1916 Itaque
429 1875 477 1902 ex
499 1860 636 1901 verbis
647 1860 904 1917 propheticis
928 1870 1118 1917 spectare
1138 1862 1237 1902 licet
1260 1877 1401 1917 quem-

67 1931 295 1972 admodum
325 1945 443 1978 ossa,
476 1931 634 1971 dudum
677 1931 957 1971 resolutorum
988 1931 1278 1972 membrorum
1303 1946 1415 1973 com-

65 2016 169 2060 page
208 2001 418 2057 disporsa,
455 2001 496 2041 in
531 1999 711 2041 sormam
746 2000 923 2042 redivivi
958 2002 1144 2058 corporis
1180 2001 1415 2043 vivificante

67 2071 246 2128 Spiritu,
272 2077 534 2111 revertantur
554 2086 565 2117 ,-
591 2069 695 2111 etin
719 2085 814 2111 suos
838 2078 950 2111 artus
972 2070 1109 2112 favilla
1135 2080 1410 2119 concrescat,

67 2157 190 2183 sensu
213 2140 327 2197 prius
356 2139 534 2181 animata
559 2139 764 2186 coeundi,
795 2154 920 2195 quam
943 2140 1083 2196 specie
1112 2140 1336 2181 reformata
1358 2142 1415 2181 vi-

68 2211 204 2254 vendi.

130 2281 270 2323 CLIII.
307 2279 454 2323 Nonne
476 2280 517 2321 in
540 2279 636 2321 sacti
661 2278 933 2321 similitudine
955 2280 1159 2321 unitatem
1184 2280 1331 2321 divinae
1357 2296 1418 2321 rc-

69 2350 361 2406 cognoscimus
400 2348 651 2405 potestatis?
685 2347 752 2389 Sic
787 2349 960 2389 suscitat
995 2348 1198 2405 Spiritus,
1237 2350 1344 2390 sicut
1376 2359 1418 2390 ct

68 2421 272 2464 Dominus
308 2419 349 2460 in
375 2419 574 2476 passione
608 2420 779 2476 propria
815 2419 1053 2466 suscitavit3
1089 2434 1186 2459 cum
1210 2420 1347 2459 subito
1378 2419 1419 2460 in

69 2499 285 2532 momento
307 2489 418 2530 oculi
436 2488 732 2530 defunctorum
756 2490 948 2545 sepulcra
971 2496 1222 2544 patuerunt,
1249 2497 1290 2530 et
1313 2490 1420 2530 redi-

71 2561 162 2602 viva
185 2574 360 2617 corpora
384 2574 598 2602 surrexere
622 2560 672 2601 cle
697 2558 865 2600 tumulis
880 2591 890 2605 ‚
916 2558 1146 2614 mortisque
1174 2558 1320 2601 soetore
1343 2559 1419 2600 dc-

122 2661 130 2674 ¹
158 2650 253 2682 Joan.
279 2660 311 2688 v,
329 2659 459 2682 21.—-¹
478 2651 571 2682 Rom.
586 2660 657 2686 vni,
678 2659 726 2681 ιι.
741 2650 807 2693 --Ἲ3
829 2648 949 2680 Ezech.
974 2658 1098 2684 xxxvii,
1125 2648 1215 2690 9-14,
