1768 3283
276 277 326 303 DE
360 275 522 303 meaux.
563 275 702 302 nouis.
743 276 1032 303 sacnmENTo.
1072 277 1148 302 Lm.
1190 277 1213 302 1.
1342 260 1425 310 485

84 362 210 397 nente
235 361 396 396 natura.
434 351 595 394 Deinde
619 352 672 393 ait
696 350 906 410 Sapientia
939 367 980 392 :a
1004 352 1147 392 Estote
1183 351 1353 408 perfecti
1372 367 1381 398 3
1401 369 1416 389 ι»

83 433 130 466 ut
164 423 367 480 incipiant
397 421 548 463 habere
571 454 580 468 ,
611 421 722 477 quod
748 435 830 462 non
855 420 1024 462 habent.
1053 420 1116 460 De
1145 420 1265 461 Patre
1290 427 1428 460 antem

86 494 188 537 dicit
215 492 382 535 :«Sicut
394 493 517 533 Pater
533 499 685 539 vester,
702 491 772 548 qui
792 491 832 532 in
852 491 966 532 coelis
983 498 1044 532 cst
1058 523 1068 539 ‚
1090 489 1298 546 perfectus
1319 497 1391 530 est.
1405 508 1419 527 ι

84 564 157 606 Est
179 576 278 619 ergo
296 560 505 618 perfectus
527 560 672 609 Pater,
706 559 776 617 qui
811 575 977 618 semper
1005 568 1079 601 est.
1112 560 1210 600 Ideo
1244 558 1336 616 ejus
1363 558 1429 599 vel

85 638 186 675 obvia
205 645 354 689 graece,
379 631 492 687 quod
515 630 566 671 sit
587 632 854 688 semper;vel
870 631 1014 677 latine,
1040 629 1152 687 quod
1171 633 1210 671 in
1235 644 1309 671 suo
1333 643 1425 670 ma-

89 710 209 751 neat,
235 717 314 744 nec
332 716 410 759 ope
437 701 634 743 subsistat
657 701 813 750 aliena,
835 702 1071 758 appellatur
1091 700 1336 743 substantia.

148 773 276 815 CXII.
311 772 488 814 Sanctus
515 787 614 828 ergo
636 772 773 819 Pater,
797 780 838 813 et
860 772 1068 828 perfectus
1086 773 1224 820 Pater,
1260 779 1429 813 sanctus

87 843 213 885 ctiam
257 851 299 884 et
341 843 551 900 perfectus
599 842 730 883 Filius
749 873 760 889 ,
807 843 922 897 quasi
967 843 1103 899 imago
1147 842 1237 884 Dei.
1291 842 1433 897 Imago

89 922 226 954 autem
249 912 350 960 Dei,
373 911 469 968 quia
494 910 634 952 omnia
652 925 744 966 quae
766 919 861 952 sunt
880 910 978 959 Dei,
1003 911 1198 952 videntur
1224 910 1264 952 in
1291 910 1399 951 Filio
1419 941 1429 957 ,

88 981 129 1023 id
166 990 251 1028 est,
289 980 539 1037 sempiterna
569 979 796 1029 Divinitas,
831 980 1134 1038 omnipotentia
1177 988 1302 1036 atque
1341 994 1434 1020 ma-

88 1052 226 1108 jestas.
264 1051 374 1094 Talis
401 1066 502 1108 ergo
534 1051 666 1108 qualis
690 1059 752 1092 est
776 1051 888 1092 Deus
908 1085 918 1100 ,
951 1067 1023 1093 sua
1050 1051 1215 1092 videtur
1247 1050 1288 1092 in
1326 1049 1432 1091 ima-

89 1122 195 1178 gine.
246 1121 365 1163 Unde
406 1129 573 1178 oportet
614 1129 659 1163 ut
701 1121 924 1177 imaginem
959 1122 1049 1177 ejus
1086 1122 1210 1162 talem
1253 1120 1399 1162 credas
1419 1150 1430 1167 ,

90 1192 222 1249 qualis
241 1201 302 1234 est
328 1193 451 1234 Deus.
496 1191 599 1234 Nam
623 1191 653 1233 si
673 1192 841 1248 imagini
875 1192 1092 1239 detrahas,
1123 1200 1164 1234 et
1193 1191 1339 1246 utique
1369 1188 1435 1236 ei,

91 1262 214 1319 cujus
245 1262 382 1319 imago
416 1270 500 1309 est,
529 1262 738 1303 videbitur
764 1277 853 1304 esse
876 1262 1112 1305 detractum
1142 1277 1152 1303 τ
1178 1262 1208 1303 si
1232 1262 1439 1303 minorem

92 1333 315 1390 imaginem
335 1333 504 1379 credas,
526 1331 664 1373 minor
679 1332 790 1373 Deus
813 1332 1030 1390 apparebit
1055 1332 1094 1373 in
1119 1332 1314 1388 imagine.
1329 1331 1442 1382 Qua-

91 1404 175 1445 lem
202 1403 314 1445 enim
345 1401 613 1444 aestimaveris
642 1402 894 1459 imaginem,
925 1403 1017 1445 talis
1041 1402 1117 1445 tibi
1149 1402 1360 1444 videbitur
1381 1401 1412 1443 is
1430 1433 1441 1449 ‚

93 1472 214 1530 cujus
239 1471 457 1514 invisibilis
480 1480 543 1513 est
564 1461 856 1529 imagosDixit
879 1473 1016 1529 imago
1053 1487 1062 1513 τ
1088 1472 1197 1524 uQui
1216 1487 1284 1514 me
1304 1471 1439 1519 videt,

94 1560 107 1580 ι
123 1543 237 1585 videt
256 1550 297 1584 et
318 1541 528 1584 Patrem¹.
547 1560 561 1580 ι
591 1541 642 1583 Et
672 1543 837 1598 qualem
868 1542 1136 1584 aestimaveris
1167 1556 1289 1590 eum,
1323 1540 1444 1596 cujus

95 1613 318 1670 imaginem
342 1626 431 1654 esse
454 1611 607 1654 Filium
632 1611 795 1659 credis}
829 1612 919 1653 talis
951 1612 1026 1653 tibi
1059 1611 1294 1654 necessario
1315 1610 1446 1653 Filius

94 1684 362 1725 aestimandus
385 1690 459 1724 est.
488 1682 606 1724 Unde
629 1681 724 1738 quia
754 1682 965 1723 increatus
986 1682 1108 1724 Pater
1126 1714 1136 1729 ,
1168 1681 1377 1722 increatus
1407 1688 1450 1722 et

98 1752 227 1795 Filius
248 1769 259 1801 ;
279 1752 376 1809 quia
399 1766 481 1793 non
500 1752 638 1792 minor
660 1751 795 1799 Pater,
811 1766 895 1792 non
916 1751 1054 1793 minor
1069 1751 1224 1799 Filius;
1245 1750 1340 1807 quia
1359 1765 1449 1793 om·

97 1824 291 1881 uipotens
312 1823 449 1865 Pater.
473 1821 740 1877 omnipotens
761 1820 904 1862 Filius.

156 1894 306 1936 CXIII.
339 1893 510 1936 Dictum
535 1900 596 1933 est
619 1891 771 1947 igitur,
800 1890 963 1932 etiamsi
987 1898 1192 1948 usurpent
1219 1888 1333 1946 quod
1365 1903 1449 1930 non

97 1966 243 2021 legunt
264 1996 273 2015 ‚
300 1972 347 2006 ut
369 1961 601 2020 ingenitum
622 1962 788 2009 dicant3
813 1975 862 2003 eo
886 1960 1015 2002 verbo
1038 1969 1176 2002 tamen
1196 1959 1301 2002 nihil
1318 1959 1450 2016 impe·

99 2035 176 2077 diri
206 2033 430 2091 quominus
453 2032 576 2074 unius
599 2039 759 2073 naturae
795 2039 919 2088 atque
956 2031 1199 2073 substantiae
1233 2029 1448 2072 Christum

100 2121 197 2148 cum
212 2106 334 2148 Patre
356 2119 445 2147 esse
475 2104 708 2146 credamus.
749 2102 876 2154 Quod
893 2102 926 2144 si
948 2102 1072 2144 unius
1094 2110 1271 2150 naturae,
1296 2101 1443 2158 utique

100 2176 223 2218 unius
240 2174 450 2233 potentiae.

160 2245 310 2289 CXIV.
350 2245 434 2297 Qui
458 2243 628 2301 quidem
653 2243 775 2285 locus
803 2241 917 2284 haud
943 2241 1154 2284 difficilior
1170 2249 1232 2284 est
1254 2241 1307 2284 ad
1327 2241 1451 2283 resel-

101 2318 223 2359 lenda
247 2315 385 2358 studia
402 2313 678 2372 perfidorum.
702 2312 928 2364 Quomodo
953 2312 1066 2354 enim
1091 2320 1247 2370 negant
1263 2312 1454 2369 omnipo-

104 2396 258 2429 tentem
279 2385 507 2434 Christum,
528 2385 641 2442 quod
658 2383 958 2440 scriptumest,
981 2383 1050 2440 qui
1070 2384 1216 2424 volunt
1232 2397 1455 2438 usurpare,

105 2459 217 2515 quod
240 2473 324 2499 non
346 2458 500 2498 docent
521 2455 724 2512 scriptum
743 2454 760 2495 P
777 2453 1122 2511 Omnipotentem
1136 2454 1291 2496 etenim
1311 2453 1457 2495 Chris-

105 2537 195 2571 tum
209 2542 334 2585 supra
346 2525 602 2574 docuimus²‚
615 2524 709 2566 etin
721 2522 894 2565 Joannis
906 2523 1167 2581 evangelistae
1182 2522 1453 2581 Apocalypsi,

152 2630 159 2643 ¹
179 2619 279 2651 Joan.
295 2630 359 2657 xiv,
377 2630 407 2661 9.
428 2636 467 2642 —
488 2628 498 2642 ι
523 2617 603 2649 Vide
619 2616 675 2648 lib.
693 2627 714 2646 ιι
733 2615 773 2647 de
789 2615 880 2648 Fide,
891 2624 960 2656 cap.
977 2614 1007 2645 3.
