1768 3283
341 302 422 351 344
885 318 913 343 s.
955 317 1145 343 Amuaosu

340 393 483 435 dicens
506 393 544 434 in
570 401 717 449 quarto
735 392 841 434 libro
864 409 904 434 :a
923 394 974 435 Et
998 393 1037 434 in
1062 393 1128 434 die
1155 394 1338 433 secundo
1363 392 1512 433 iterum
1539 392 1687 435 creasti

339 463 559 519 »spiritum
580 462 855 503 firmamenti¹
875 479 884 510 3
902 480 916 501 n
934 471 1072 503 tamen
1092 470 1136 503 ut
1155 461 1375 518 propositis
1394 461 1686 509 inhzereamus,

342 532 405 573 his
429 531 622 572 videlicet
647 546 737 586 quae
763 531 891 572 Amos
917 531 1042 579 dixit,
1068 545 1208 571 nonne
1239 530 1453 571 evidenter
1481 530 1690 571 dictorum

343 601 590 643 testificatur
621 601 747 642 series
778 602 829 642 de
846 600 961 642 istius
983 609 1174 643 creatura
1198 600 1345 640 mundi
1378 600 1565 641 locutum
1596 598 1692 641 Pro-

345 671 530 727 phetam.

405 741 451 782 L.
488 740 679 797 Denique
713 740 766 781 ita
800 740 955 796 coepit:
987 740 1106 797 «Ego
1142 740 1348 782 Dominus
1382 738 1552 781 firmans
1583 739 1694 781 toni-

347 830 362 849 »
380 820 541 858 truum,
565 818 607 851 et
631 824 777 851 creans
793 809 1009 866 Spiritum.
1035 829 1050 849 ι)
1074 810 1167 867 Ipse
1187 812 1290 852 ordo
1313 824 1387 850 nos
1407 811 1579 858 doceat3
1599 823 1696 850 nam

346 881 446 923 side
464 880 775 937 Spiritusancto
791 880 929 922 dleere
943 880 1158 930 voluisset,
1174 895 1258 921 non
1281 881 1331 921 de
1351 880 1536 921 tonitruo
1555 879 1698 935 utique

351 950 629 1007 praemisisset.
659 949 802 1005 Neque
825 949 936 991 enim
956 949 1188 1006 antiquiora
1220 949 1405 990 tonitrua
1434 958 1551 1000 sunt,
1574 964 1700 1005 quam

352 1018 531 1075 Spiritus
551 1028 742 1060 sanctus:
768 1021 957 1076 quamvis
975 1020 1091 1077 impii
1104 1020 1201 1067 sint,
1217 1029 1356 1061 tamen
1381 1021 1421 1060 id
1442 1034 1523 1061 uon
1548 1021 1702 1062 audent

353 1090 507 1131 dicere.
550 1091 714 1133 Deinde
748 1106 844 1132 cum
876 1090 1114 1146 subjectum
1140 1091 1353 1131 videamus
1371 1105 1459 1131 esse
1480 1091 1530 1131 de
1551 1091 1646 1131 luce
1662 1099 1703 1132 et

354 1161 507 1202 nebula
524 1193 533 1208 ,
567 1176 706 1202 nonne
739 1161 1007 1202 manifestum
1028 1171 1091 1203 est
1113 1162 1224 1216 quod
1245 1161 1295 1201 de
1328 1169 1518 1202 creatura
1556 1161 1704 1203 [nundi

358 1231 518 1272 dictum
552 1231 872 1286 intelligendum
907 1231 990 1273 sit?
1018 1233 1124 1272 Cum
1157 1231 1269 1272 enim
1300 1230 1404 1273 fiunt
1428 1232 1575 1287 aliquae
1599 1240 1705 1273 tcm-

357 1309 536 1357 pestates
566 1301 683 1344 istius
713 1302 882 1350 mundi,
915 1303 1154 1358 praecedere
1188 1302 1396 1350 tonitrua,
1423 1303 1538 1358 sequi
1567 1310 1708 1343 vento-

357 1386 450 1412 rum
483 1371 627 1419 ssatus,
663 1373 815 1413 coelum
850 1372 1014 1413 nebulis
1044 1372 1223 1428 caligare
1246 1404 1256 1419 ‚
1293 1373 1428 1413 lucem
1463 1372 1625 1413 refundi
1659 1387 1709 1414 ex

359 1441 566 1490 tenebris,
594 1442 684 1498 ipso
711 1457 787 1483 usu
806 1442 1052 1498 quotidiano
1067 1475 1077 1490 ‚
1099 1443 1376 1498 exemploque
1399 1443 1703 1498 cognoscimus.

359 1511 736 1553 Nametiamssatus
749 1521 969 1554 ventorum
987 1512 1156 1568 spiritus
1176 1512 1343 1560 dicitur,
1376 1512 1484 1553 sicut
1507 1511 1709 1568 scriptum

362 1589 454 1622 est:
480 1582 645 1637 «Ignis,
666 1591 707 1623 et
734 1582 927 1638 sulphur,
949 1591 989 1623 et
1008 1582 1177 1638 spiritus
1205 1581 1441 1638 procetlae2.
1470 1602 1484 1618 »

419 1651 485 1693 LI.
522 1653 573 1694 Et
597 1661 640 1693 ut
662 1653 788 1694 scires
809 1653 906 1708 quia
940 1652 1054 1694 hune
1081 1653 1275 1709 spiritum
1309 1653 1432 1699 dixit,
1463 1652 1547 1693 ait:
1576 1670 1590 1689 ι(
1619 1652 1714 1693 Fir-

364 1740 379 1760 »
395 1737 511 1763 mans
551 1723 780 1764 tonitruum
798 1756 808 1771 ,
835 1732 876 1764 ct
900 1738 1046 1764 creans
1071 1722 1286 1779 spirituu.;
1314 1741 1328 1760 »
1351 1722 1446 1778 quia
1479 1722 1715 1778 frequenter

366 1801 564 1834 creantur
587 1793 687 1841 ista,
707 1809 803 1835 cum
830 1792 964 1835 fiunt:
991 1793 1171 1849 Spiritus
1192 1801 1328 1833 autem
1349 1802 1515 1834 sauctus
1537 1801 1716 1834 {eternus

367 1872 454 1910 est;
480 1878 605 1920 quem
629 1864 662 1905 si
686 1864 777 1919 quis
802 1865 926 1905 audet
948 1863 1089 1904 dicere
1119 1872 1306 1904 creatum
1327 1897 1335 1911 ,
1370 1878 1452 1903 uon
1486 1870 1623 1919 potest
1655 1871 1719 1903 ta·-

368 1949 466 1975 men
495 1935 634 1975 dicere
660 1935 771 1990 quod
789 1934 976 1990 quotidie
1002 1943 1186 1981 creatur,
1205 1934 1313 1974 sicut
1332 1934 1459 1975 ssabra
1481 1942 1712 1975 ventorum.

367 2005 558 2061 Denique
582 2005 667 2062 ipsa
686 2004 898 2062 Sapientia
920 2004 1153 2046 seeundum
1170 2005 1350 2060 suscepti
1369 2006 1506 2046 locuta
1533 2003 1720 2061 corporis

370 2083 708 2122 sacramentum,
740 2075 794 2116 ait
827 2089 836 2115 z
872 2092 886 2112 α
913 2074 1118 2115 Dominus
1155 2074 1311 2115 creavit
1348 2073 1456 2114 me³.
1480 2091 1495 2111 »
1520 2072 1722 2124 Quamvis

373 2153 547 2186 ventura
576 2145 875 2201 prophetaret,
902 2153 1041 2186 tamen
1066 2143 1160 2200 quia
1186 2143 1501 2199 praedestinatus
1522 2151 1610 2183 erat
1636 2142 1723 2183 Do-

374 2215 477 2256 mini
517 2215 740 2257 salvatoris
778 2217 1005 2264 adventus,
1049 2228 1130 2255 non
1171 2214 1273 2255 dixit
1295 2228 1303 2253 τ
1330 2213 1453 2254 Creat
1492 2227 1558 2253 me
1582 2244 1591 2259 ‚
1633 2212 1722 2259 sed,

385 2301 399 2321 α
421 2284 609 2332 Creavit3
635 2300 717 2326 »ne
738 2285 995 2341 frequenter,
1022 2285 1093 2325 sed
1117 2285 1246 2325 semel
1264 2285 1485 2325 crederent
1502 2298 1550 2324 ex
1569 2282 1725 2339 virgine

375 2353 503 2395 Maria
527 2353 628 2397 Jesu
651 2368 803 2410 eorpus
822 2369 912 2395 esse
931 2355 1232 2409 generandum.

431 2422 515 2464 LII.
554 2423 604 2464 Et
622 2423 702 2464 hoc
726 2423 851 2479 igitur
868 2424 981 2479 quod
1003 2423 1113 2464 velut
1136 2422 1421 2478 quotidianam
1440 2422 1727 2479 operationem

374 2493 450 2534 Dei
474 2493 514 2533 in
539 2492 711 2534 tonitrui
735 2492 1025 2541 firmamento,
1054 2500 1095 2534 et
1116 2492 1156 2533 in
1184 2492 1364 2549 Spiritus
1389 2492 1600 2533 creatione
1627 2491 1729 2532 Pro-

372 2561 498 2617 pheta
520 2562 745 2603 declaravit
768 2562 999 2619 intelligere
1023 2562 1135 2604 nefas
1156 2571 1241 2610 est,
1265 2563 1374 2603 utde
1392 2560 1549 2618 Spiritu
1575 2568 1720 2602 sancto

422 2652 579 2689 ¹4Esdr.
596 2663 639 2691 w,
657 2653 708 2688 ¹1¹·
731 2672 766 2676 —
787 2663 796 2676 Ἀ
819 2653 900 2686 Psal.
918 2664 949 2690 x,
971 2666 999 2694 7.
1022 2671 1059 2676 —
1083 2654 1093 2676 ἲ
1114 2653 1211 2684 Prov.
1228 2663 1296 2687 vin.
1321 2664 1369 2683 22.
