1768 3283
1766 13 1768 32 Ι

1766 83 1768 102 Ι

1766 185 1768 224 Ι

350 327 432 368 358
895 339 926 365 s.
967 336 1156 364 Annnosu
1764 228 1768 396 1

349 437 363 454 n
381 431 430 458 ex
447 416 552 473 ipso,
572 423 611 457 et
628 430 700 472 per
714 415 866 471 ipsum,
884 423 925 456 et
941 414 979 454 in
997 414 1084 471 ipso
1104 421 1200 454 sunt
1217 413 1370 455 omnia.
1392 431 1408 452 »
1423 412 1550 464 Quod
1561 412 1703 455 Esaias
1764 396 1768 534 1

352 488 402 527 de
436 493 656 542 operatore
682 485 870 525 omnium
894 484 1020 530 dixit,
1051 483 1160 524 sieut
1191 483 1318 524 habes
1341 497 1383 524 z«
1402 483 1507 534 Quis
1537 497 1704 526 mensus

352 561 442 597 »est
463 570 589 596 manu
613 569 779 610 aquam,
807 562 848 594 et
871 555 1025 595 coelum
1051 554 1204 609 palmo,
1226 561 1268 593 et
1293 553 1527 595 universam
1551 561 1706 595 terram

352 629 523 667 »clausa
550 625 707 666 manu?
738 624 841 674 Quis
865 625 1009 665 statuit
1040 633 1205 665 montes
1228 624 1270 664 in
1301 624 1425 672 libra,
1451 633 1492 666 et
1516 639 1640 681 rupes
1666 624 1706 665 in

354 715 368 734 »
385 694 566 736 statera?
595 694 699 745 Quis
724 694 921 750 cognovit
945 709 1112 735 sensum
1136 693 1328 742 Domini,
1362 702 1431 736 aut
1458 694 1549 750 quis
1577 693 1710 736 consi-

355 765 524 806 »liarius
549 764 640 819 ejus
662 764 761 805 suit¹
780 765 797 805 Ρ
819 783 834 804 n

411 835 526 878 XCI.
561 835 613 876 Et
642 835 803 876 addidit
826 835 1052 891 Apostolus
1074 850 1114 876 :«
1134 835 1343 886 Quoniam
1368 851 1418 877 ex
1440 835 1546 892 ipsc,
1572 844 1615 878 et
1636 849 1712 893 per

354 924 368 943 n
385 904 549 961 ipsum,
583 912 624 946 et
651 905 692 945 in
727 905 816 961 ipso
847 913 943 946 sunt
975 904 1131 946 onmia.
1155 904 1301 956 »Quid
1333 904 1521 952 est,‹Ex
1550 904 1701 961 ipsoP»

357 976 482 1027 Quod
504 991 554 1017 ex
577 975 703 1032 ipsius
732 977 950 1017 voluntate
986 985 1134 1016 natura
1163 977 1216 1018 sit
1243 976 1432 1016 omnium
1451 1005 1462 1023 ,
1486 974 1636 1031 etipse
1663 973 1715 1017 sit
1766 1024 1768 1034 i

356 1053 504 1086 auctor
532 1045 739 1092 omniurn,
769 1060 860 1101 quae
893 1060 984 1086 esse
1018 1054 1253 1102 coeperunt.
1274 1046 1387 1086 «Per
1413 1046 1564 1101 ipsum,
1585 1045 1716 1100 »quid

361 1114 453 1155 est?
473 1114 579 1165 Quia
606 1130 680 1171 per
702 1115 836 1171 ipsum
857 1115 1107 1156 constitutio
1127 1124 1168 1156 et
1187 1115 1496 1171 perseverantia
1520 1115 1717 1156 omnibus
1761 1141 1764 1174 5

362 1186 572 1243 impertita
597 1186 799 1228 videatur.
821 1186 899 1226 «In
925 1187 1032 1242 ipso,
1055 1187 1185 1242 »quid
1219 1185 1314 1227 esti)
1341 1185 1447 1237 Quia
1480 1185 1619 1227 omnia
1642 1187 1718 1227 ad-
1759 1177 1765 1188 ’

365 1257 544 1298 mirabili
567 1257 751 1312 quodam
779 1257 1012 1305 desiderio,
1043 1266 1086 1298 et
1118 1257 1387 1298 inenarrabili
1414 1271 1555 1298 amore
1579 1265 1721 1298 aucto-

366 1343 454 1368 rem
477 1327 571 1369 vitae
593 1336 636 1369 et
659 1328 990 1380 niinietratorem
1014 1328 1156 1384 gratiae
1174 1342 1258 1369 suae
1283 1342 1329 1369 ac
1354 1327 1539 1369 muneris
1557 1327 1720 1369 intuen-

367 1408 456 1445 tur,
483 1399 716 1439 seeundum
741 1400 855 1454 quod
878 1398 1082 1455 scriptum
1105 1405 1167 1438 est
1188 1413 1197 1438 :
1217 1416 1230 1434 n
1252 1397 1376 1440 Oculi
1398 1397 1587 1438 omnium
1614 1397 1657 1438 in
1679 1404 1721 1439 te
1759 1439 1761 1446 ,

368 1486 381 1505 ι)
397 1476 591 1524 sper-anu
618 1476 675 1517 et,
696 1467 844 1525 Aperis
862 1482 1037 1510 manum
1065 1478 1199 1518 tuam,
1224 1476 1266 1509 et
1282 1468 1432 1524 imples
1450 1482 1619 1510 omnem
1638 1466 1723 1509 ani-
1757 1477 1760 1490 ⁴

370 1553 510 1580 »mam
533 1539 645 1580 hona
667 1541 882 1581 voluntate
898 1538 927 1581 ².
951 1558 966 1579 »

425 1608 556 1651 XCII.
597 1611 661 1651 De
682 1610 804 1652 Patre
832 1625 1002 1666 quoque
1027 1609 1058 1651 si
1083 1608 1362 1652 dicas:ideo«
1384 1609 1447 1651 Ex
1470 1609 1577 1667 ipso,
1596 1608 1723 1666 »quia
1754 1593 1759 1622 2

369 1694 419 1720 ex
442 1679 530 1735 ipso
552 1680 763 1735 operatrix
779 1679 1011 1736 Sapientia,
1033 1695 1124 1736 quae
1144 1680 1340 1721 omnibus
1361 1694 1411 1720 ex
1433 1695 1506 1721 sua
1527 1687 1569 1721 et
1591 1679 1724 1721 Patris
1755 1712 1757 1735 4

371 1751 587 1791 voluntate
612 1750 726 1791 dedit
749 1765 837 1791 esse
853 1781 864 1801 ,
895 1764 986 1806 quae
1009 1765 1094 1791 non
1120 1759 1240 1792 erant
1261 1765 1269 1790 :
1289 1750 1396 1792 «Per
1419 1749 1580 1807 ipsum,
1599 1749 1725 1805 »quia

372 1835 446 1875 pet·
478 1820 734 1876 Sapientiam
774 1821 864 1875 ejus
895 1821 1004 1862 facta
1035 1828 1134 1862 sunt
1169 1820 1310 1861 omnia
1331 1835 1340 1862 ε
1358 1819 1437 1861 «In
1463 1819 1580 1877 ipso,
1599 1838 1615 1860 >1
1628 1819 1726 1875 quia
1753 1845 1755 1848 ⁴

374 1890 461 1946 ipse
484 1898 546 1931 est
572 1888 853 1931 vivificatoriae
882 1890 974 1932 sons
1006 1889 1272 1939 substantiae,
1306 1889 1349 1931 in
1379 1904 1462 1946 quo
1489 1889 1666 1932 vivimus
1685 1896 1728 1931 et

376 1973 521 2000 sumus
537 1967 578 2000 et
596 1974 832 2006 movemur,

433 2029 584 2072 XCIII.
624 2030 683 2071 Ex
705 2030 864 2087 Spiritu
888 2045 1076 2087 quoque,
1103 2039 1151 2073 ut
1173 2046 1248 2088 per
1272 2030 1408 2087 ipsum
1436 2028 1630 2080 formati,
1658 2043 1753 2087 per

378 2100 512 2156 ipsum
543 2099 721 2149 firmati,
757 2100 799 2142 in
833 2101 921 2158 ipso
957 2101 1169 2150 roborati,
1203 2101 1297 2142 vitae
1328 2100 1544 2158 capiamus
1577 2113 1734 2142 munus

378 2178 556 2212 aeternae.
1750 2214 1751 2219 ¹

435 2240 587 2284 XCIV.
621 2231 734 2283 'Cum
758 2241 848 2283 haee
873 2242 1000 2299 igitur·
1028 2243 1094 2284 vel
1116 2242 1229 2284 Patri
1256 2245 1321 2286 vel
1342 2243 1448 2286 Filio
1474 2243 1540 2285 vel
1561 2238 1750 2298 Spiritui*

377 2319 521 2352 saneto
537 2311 761 2352 convenire
781 2312 1017 2359 videantur,
1039 2311 1143 2353 nihil
1163 2313 1309 2369 utique
1328 2313 1488 2355 humile
1504 2311 1546 2353 in
1563 2310 1627 2352 his
1645 2325 1736 2352 cer-

377 2388 464 2421 tum
482 2388 544 2421 est
567 2379 774 2422 declarat-i
792 2398 802 2428 3
830 2396 928 2422 cum
945 2391 986 2423 et
1008 2396 1057 2422 ex
1074 2381 1182 2423 Filio
1201 2382 1393 2425 dicamus
1411 2397 1500 2424 esse
1516 2381 1733 2438 pleraque,

375 2458 415 2490 et
446 2450 578 2490 multa
601 2465 677 2506 per
697 2450 884 2499 Patrem,
918 2451 1028 2492 sicut
1058 2451 1188 2492 habes
1219 2453 1270 2494 dc
1303 2454 1409 2496 Filio
1438 2453 1598 2494 dietum
1620 2466 1661 2491 z«
1684 2450 1748 2491 Ut

374 2510 631 2574 »augeamur
652 2519 694 2560 in
711 2519 800 2576 ipso
822 2535 896 2576 pet·
924 2520 1082 2569 omnia,
1110 2521 1184 2578 qui
1207 2531 1270 2564 est
1294 2532 1423 2581 caput
1448 2519 1660 2569 Christus,
1685 2533 1737 2561 ex

376 2603 488 2645 »quo
505 2597 657 2638 totum,
682 2590 836 2647 inquit,
861 2605 1015 2647 corpus
1042 2602 1312 2649 compactum
1337 2602 1380 2636 et
1403 2604 1640 2636 connexum
1661 2603 1736 2646 per

424 2688 432 2703 ¹
455 2679 530 2712 lsai.
545 2681 734 2717 xz,12,15.
755 2699 793 2705 —
812 2691 822 2704 ²
844 2682 928 2714 Psal.
948 2692 1053 2719 cmiv,
1077 2683 1126 2713 15.
