1768 3283
390 271 442 298 na
475 269 633 298 smmru
667 270 842 305 smero,
880 269 958 298 Lm.
999 271 1025 298 1.
1302 260 1384 302 313

39 357 230 392 sanctum
260 364 475 407 separare,
509 365 607 392 cum
633 350 697 391 vel
723 350 932 406 appellare
962 349 1128 391 Patrem
1162 358 1202 392 et
1231 351 1384 394 Filium

39 420 125 462 sine
157 419 316 477 Spiritu
351 435 434 462 non
458 419 690 477 queamus?
710 438 725 458 α
743 419 874 462 Nemo
897 420 1011 461 enim
1034 421 1134 462 dicit
1157 421 1385 465 Dominum

36 490 233 538 blesum,
262 491 339 533 nisi
363 491 404 532 in
434 492 592 549 Spiritu
621 490 806 534 sancto¹.
828 509 843 530 ι»
867 491 975 548 Ergo
1002 491 1035 533 si
1068 493 1275 549 appellare
1298 493 1387 535 Do·

41 561 197 604 minum
210 561 356 603 Jesum
372 562 459 604 sine
474 562 633 620 Spiritu
648 578 730 604 non
743 577 987 619 possumus,
1014 563 1159 620 utique
1177 563 1266 605 sine
1289 563 1386 621 Spi-

37 633 118 674 ritu
137 633 366 689 praedicare
389 649 471 674 non
499 648 734 690 possumus.
763 633 804 674 Si
830 642 968 674 autem
992 642 1033 675 et
1055 634 1202 688 Angeli
1232 636 1386 691 praedi-

31 693 133 743 'cant
155 702 383 744 Dominum
415 703 579 751 Jesum,
614 718 738 758 quem
774 717 898 744 nemo
932 711 1069 760 potest
1107 704 1196 745 sine
1225 702 1385 760 Spiritu

36 772 288 829 praedicare;
318 781 358 815 et
384 773 425 814 in
454 773 551 830 ipsis
581 787 680 830 ergo
710 774 890 830 Spiritus
927 774 1061 815 sancti
1096 789 1249 815 munus
1281 789 1384 831 ope-

37 850 167 884 ratur.

95 912 228 955 CXX.
267 913 539 955 probavimus
561 914 686 970 igitur
702 929 829 956 unam
846 913 1110 972 praesentiam
1129 929 1234 963 esse,
1258 928 1385 957 unam

35 984 211 1039 gratiam
243 999 332 1026 esse
357 985 488 1027 Patris
518 994 560 1026 et
586 985 677 1027 Filii
702 994 742 1026 ct
779 985 956 1042 Spiritus
990 984 1152 1026 sancti:
1187 1000 1278 1041 quae
1304 994 1388 1027 tam

37 1055 215 1096 coelestis
239 1063 362 1112 atque
387 1057 523 1098 divina
546 1065 632 1104 est,
660 1065 704 1097 ut
728 1071 803 1113 pro
827 1071 874 1097 ea
900 1063 992 1113 agat
1016 1055 1166 1112 gratias
1186 1055 1295 1097 Patri
1322 1054 1388 1096 Fi-

0 1166 1 1178 }
35 1125 115 1166 lius
130 1158 139 1173 ‚
162 1125 330 1168 dicens:
357 1145 370 1165 a
391 1127 604 1168 Confiteor
622 1128 719 1176 tibi,
739 1128 860 1169 Pater
874 1126 1054 1168 Domine
1071 1126 1167 1167 coeli
1184 1134 1225 1167 et
1249 1135 1384 1172 terrae,

36 1197 179 1252 »quod
211 1198 465 1239 abscondisti
494 1199 582 1240 haec
607 1214 626 1239 a
652 1199 910 1256 sapientibus
942 1206 984 1239 et
1013 1197 1318 1254 prudentibus,
1345 1204 1387 1237 et

0 1281 1 1302 1
37 1268 256 1310 »revelasti
279 1283 326 1310 ea
348 1267 569 1326 parvulis².
598 1286 613 1307 n
675 1255 680 1258 .

36 1458 94 1469 §zv
102 1458 271 1471 mutuat-5*-
283 1459 464 1470 “snmus
477 1457 1175 1470 ‚smtwsvsae«=·=.xxs==·v=xszststzzxxtbmsv
1187 1458 1206 1469 r.
1216 1454 1388 1468 ansas-M

585 1589 762 1632 CAPUT
792 1589 886 1632 XII.

37 1731 187 1774 Patris
203 1741 242 1772 et
262 1731 376 1772 Filii
396 1740 436 1771 et
458 1730 655 1785 Spiritus
677 1729 820 1770 sancti
845 1743 983 1770 unam
995 1743 1080 1770 esse
1091 1742 1244 1784 pacem
1261 1737 1391 1781 atquo

91 1802 291 1859 gratiam
307 1817 320 1844 .·
341 1802 548 1843 similiter
567 1815 702 1841 unam
719 1799 995 1847 charita-tem,
1017 1814 1112 1853 quoe
1125 1799 1322 1839 maoeime
1342 1798 1390 1838 ἰη

95 1873 324 1914 hominum
377 1872 676 1928 redemptione
722 1871 931 1927 apparuit
952 1885 965 1910 .·
1018 1884 1157 1910 uuam
1204 1869 1390 1923 denique

97 1944 236 1984 trium
261 1942 716 1984 communicationem.

99 2086 252 2129 CXXI.
288 2087 400 2127 Enco
423 2100 520 2127 cum
538 2099 619 2126 una
639 2084 801 2125 vocatio
817 2083 883 2131 sit,
904 2098 985 2124 una
1009 2082 1133 2124 etiam
1156 2081 1284 2138 gratia
1309 2089 1384 2123 est.

37 2158 229 2214 Denique
253 2157 455 2213 scriptum
474 2164 536 2197 est
558 2171 566 2195 :
596 2173 610 2192 α
631 2155 772 2196 Gratia
796 2154 937 2201 vobis,
960 2163 1001 2195 et
1027 2169 1106 2210 pax
1124 2169 1144 2195 a
1162 2154 1250 2195 Deo
1270 2153 1392 2195 Patre

20 2247 55 2267 ,n
71 2236 210 2269 nostro
240 2235 281 2268 ct
302 2227 482 2268 Domino
515 2227 611 2266 Jesu
639 2223 851 2267 Christo³.
876 2243 890 2262 n
921 2224 1030 2266 Ecce
1060 2224 1267 2265 habemus
1292 2223 1388 2280 quia

37 2298 167 2340 Patris
183 2305 224 2339 et
244 2297 336 2339 Filii
360 2312 439 2338 una
463 2305 525 2338 est
548 2296 675 2353 gratia
690 2328 699 2344 ‚
724 2305 765 2337 ct
783 2296 914 2337 Patris
937 2304 978 2336 et
994 2295 1087 2337 Filii
1105 2310 1184 2336 una
1202 2303 1264 2336 cst
1282 2309 1387 2351 pax:

38 2370 108 2410 sed
128 2369 217 2410 haec
239 2367 367 2425 gratia
386 2376 428 2409 ct
448 2382 528 2424 pax
551 2368 709 2408 fructus
726 2376 786 2408 est
805 2366 998 2423 Spiritus,
1021 2366 1238 2423 sicutipse
1262 2366 1393 2422 Apos-

39 2439 146 2480 tolus
169 2439 312 2480 docuit
334 2438 506 2479 dicens:
536 2438 748 2479 «Fructus
779 2444 919 2478 autem
953 2435 1131 2493 Spiritus
1167 2445 1230 2477 est
1258 2435 1392 2476 chari-

11 2515 13 2517 ’
37 2528 51 2547 »
69 2517 150 2557 tas,
176 2508 398 2566 gaudium,
424 2523 525 2566 pax,
552 2506 794 2565 patientia⁶.
819 2526 832 2544 n
858 2507 909 2548 Et
940 2506 1049 2548 bona
1076 2521 1156 2563 pax
1187 2514 1229 2547 et
1249 2520 1393 2547 neces-

88 2622 95 2636 ¹
121 2624 130 2643 ι
153 2613 230 2644 Cer.
249 2623 310 2650 xii,
329 2612 359 2644 ’5.
377 2631 414 2636 -
434 2622 443 2636 ·
464 2613 582 2644 Mauri.
602 2623 644 2647 u,
663 2612 710 2643 25.
726 2630 764 2635 -
790 2613 802 2633 ³
821 2610 916 2642 Rom.
938 2622 960 2648 ι,
980 2621 1009 2651 7.
1037 2627 1075 2634 —·
1097 2609 1280 2646 ⁴Ga1at.v,
1296 2619 1348 2640 22.
