1806 3256
564 263 616 317 ΒΕ
648 290 758 323 FIDE,
794 290 873 318 Lm.
915 292 939 319 1.
1372 299 1436 341 ¹2⁷

8 430 9 433 Ἴ
82 367 212 408 usus?
235 367 359 410 Vides
383 367 615 409 solemnem
647 370 927 424 generationis
950 371 1100 413 seriem
1125 387 1209 414 non
1231 374 1431 431 coepisse,

6 457 9 500 ᾗ
40 470 45 474 .
80 445 122 479 et
144 445 186 478 tu
211 446 353 494 partus
376 437 592 493 enjusdam
627 453 839 495 corporeae
871 440 1129 483 necessitatis
1162 452 1285 498 putas
1308 443 1433 487 fuisse

80 509 296 549 solemnes.
323 508 386 549 Tu
409 523 531 549 usum
553 509 724 564 quaeris,
756 525 834 566 ego
865 525 1010 552 sexum
1034 527 1047 555 ‚⁴
1072 520 1117 554 tu
1140 521 1309 571 tempus
1343 515 1433 556 exi-

78 578 162 634 gis,
188 593 264 634 ego
287 578 475 619 ordinem
501 593 509 619 :
535 587 579 620 tu
607 578 733 620 finem
756 580 931 622 discutis
953 613 965 630 ,
991 596 1069 639 ego
1098 597 1242 639 quaero
1278 583 1431 640 princi·

76 647 206 702 pium.
245 646 404 704 Nempe
429 646 522 689 finis
553 663 603 690 ex
624 649 831 706 principio
853 683 866 698 ‚
885 665 969 692 non
993 652 1248 709 principium
1274 653 1429 710 pendet

75 718 125 758 ex
145 716 240 757 fine.

130 786 321 828 LXXIII.
361 786 520 835 Omne,
548 787 709 843 inquis,
742 790 855 844 quod
882 798 1026 831 natum
1051 800 1136 841 est,
1168 792 1426 849 principium

71 856 223 905 bahem
250 865 292 898 et
314 857 407 897 ideo
440 857 534 913 quia
569 857 697 899 Filius
731 867 819 906 est,
854 860 1107 916 principium
1138 861 1290 910 habet,
1314 871 1354 903 et
1375 878 1426 904 ex

71 935 259 984 tempore
280 942 370 968 esse
389 927 527 982 coepit·
571 927 696 978 Quod
723 927 912 984 ipsorum
943 944 1016 970 ore
1048 930 1099 971 sit
1131 931 1310 972 dictum.
1333 931 1421 988 Ego

70 1005 208 1038 autem
239 996 392 1038 Filium
428 1004 572 1038 natum
606 1012 695 1038 esse
727 996 1090 1054 profiteor:quod
1123 999 1330 1055 reliquum
1358 1010 1420 1043 est

68 1066 313 1123 impietatis,
339 1067 552 1108 horresco.
579 1066 714 1108 Deum
739 1066 952 1108 confiteris
969 1100 978 1115 ‚
1003 1068 1154 1115 homo,
1185 1076 1226 1110 et
1249 1069 1319 1110 tali
1344 1070 1423 1111 cir·-

67 1136 314 1179 cumscribis
331 1138 541 1179 calumnia
559 1137 577 1178 P
595 1138 707 1179 Deus
729 1138 837 1179 hanc
860 1147 1110 1180 averruncet
1129 1139 1368 1182 amentiam.

64 1306 306 1317 mxv-§ww
314 1306 1171 1318 xzsmmwsmmmmmmwsmmm
1180 1307 1226 1317 W
1235 1307 1292 1319 W,
1302 1308 1418 1320 mm

589 1423 764 1467 CAPUT
794 1423 889 1466 XII.

58 1560 236 1603 Iteratoe
266 1561 315 1600 in
349 1560 524 1603 Filium
559 1559 796 1615 objectioni
823 1559 982 1599 iterum
1014 1559 1298 1615 respondetur
1313 1573 1411 1600 eam

113 1630 351 1685 retorqueri
370 1631 504 1669 etiam
524 1629 572 1669 in
594 1630 769 1669 Patrem
784 1643 929 1685 posse;
950 1643 1047 1669 eum
1064 1644 1165 1685 ergo
1185 1629 1317 1669 Pater
1333 1643 1409 1670 nec

114 1701 224 1741 coco.
248 1715 325 1740 nee
348 1709 560 1755 tempore,
592 1700 738 1739 aliave
758 1699 847 1739 ulla
869 1708 1070 1739 ereatura
1097 1698 1321 1755 indigeat,
1344 1699 1408 1740 sie

112 1787 187 1813 nee
215 1787 365 1812 eorum
397 1771 691 1828 indigentiam
722 1769 1053 1811 attribuendam
1095 1770 1216 1811 Filio
1242 1787 1255 1811 .·
1285 1772 1408 1825 eujtts

111 1842 354 1900 singularis
366 1842 590 1898 generatio
605 1852 662 1882 est
687 1856 773 1882 non
789 1840 927 1882 solum
950 1856 971 1881 e
998 1841 1153 1888 Patre,
1180 1841 1254 1881 sed
1274 1841 1410 1882 etiam

111 1929 132 1954 e
167 1909 378 1970 Virgine;
406 1922 717 1969 proptereaque
744 1925 845 1951 eum
877 1911 926 1950 in
956 1910 1036 1950 leae
1065 1925 1155 1951 non
1177 1925 1304 1951 semus
1329 1920 1405 1951 aut

109 1982 279 2024 similia
307 1983 445 2023 locum
459 1980 720 2028 habuerint,
741 1981 790 2020 in
807 1980 885 2021 illa
902 1994 1066 2034 quoque
1081 1995 1166 2021 non
1186 1979 1399 2020 habuisse.

106 2116 298 2161 LXXIV.
334 2117 490 2160 Rnnsus
512 2116 721 2172 objiciunt
742 2130 752 2156 τ
776 2116 885 2171 Ergo
903 2129 987 2156 non
1009 2124 1071 2156 est
1087 2115 1240 2164 Filius,
1259 2115 1290 2156 si
1315 2129 1398 2157 non

49 2188 177 2230 habet
197 2202 289 2244 quae
305 2187 461 2228 hahent
483 2185 571 2228 filii.
598 2187 792 2243 Ignoscat
818 2184 920 2226 mihi
944 2186 1090 2232 Pater,
1115 2185 1304 2241 ignoscat
1325 2184 1398 2226 Fi-

48 2258 150 2305 lius,
174 2257 362 2313 ignoscat
385 2245 427 2298 et
443 2256 621 2312 Spiritus
639 2264 828 2303 sanctus,
851 2255 1124 2310 quaestionem
1138 2269 1214 2310 pro
1240 2254 1397 2311 pietate

46 2328 201 2369 referre
226 2327 426 2383 cupienti.
459 2327 532 2368 Est
558 2335 672 2368 certe
700 2326 837 2373 Pater,
854 2332 896 2366 et
918 2334 1059 2366 manet
1081 2339 1248 2381 semper
1268 2340 1278 2365 z
1299 2332 1397 2366 sunt

46 2398 171 2440 etiam
202 2406 403 2439 creaturae
428 2412 505 2454 pro
530 2396 800 2453 dispositione
831 2394 982 2435 divina.
1011 2394 1085 2435 Est
1111 2408 1209 2450 ergo
1238 2392 1396 2449 aliquid

46 2477 189 2509 earum
214 2469 328 2523 quod
350 2482 431 2508 non
456 2467 694 2522 subjectum
714 2466 765 2507 sit
792 2474 862 2506 ant
884 2465 1007 2511 locis,
1030 2473 1100 2505 aut
1117 2464 1394 2520 temporibus,

47 2544 117 2578 aut
134 2536 348 2588 creationi,
373 2545 442 2577 aut
464 2551 598 2577 causae
620 2535 742 2576 alicui
761 2535 824 2575 vel
843 2533 1034 2574 auctori?
1055 2533 1249 2574 Profecto
1268 2532 1385 2575 nihil.

46 2606 159 2659 Quid
188 2621 286 2665 ergo
318 2605 490 2647 dicitis?
511 2606 582 2647 Est
613 2605 766 2646 horum
792 2603 947 2660 aliquid
985 2618 1068 2659 quo
1098 2611 1218 2660 egeat
1238 2602 1393 2645 Pater?
