1768 3283
366 286 448 335 [130
907 297 942 322 s.
981 297 1167 323 numum

362 375 415 417 Et
445 373 611 429 quando
642 371 684 413 iu
718 379 852 413 morte
885 370 982 422 suit,
1014 371 1227 412 inumbra
1258 386 1344 413 non
1375 381 1474 414 erat.
1512 372 1703 429 Denique

361 444 486 486 etiam
513 443 555 484 in
577 441 738 483 inferno
758 440 899 497 positis
916 441 1007 482 vitaz
1031 442 1171 481 lumen
1197 440 1398 483 fundebat
1422 450 1597 484 aeteruae.
1621 441 1704 484 Ra-

362 513 502 556 diabat
523 511 648 553 etiam
676 510 760 551 illic
793 511 864 551 lux
889 524 984 551 vera
1015 509 1249 567 sapientiae;
1283 511 1546 554 illuminabat
1576 510 1703 552 infer·

360 596 487 632 num,
520 580 592 621 sed
613 578 776 620 inferno
803 593 887 619 non
921 578 1208 621 claudebatur.
1242 579 1346 631 Quis
1368 580 1479 620 euim
1503 580 1620 621 locus
1642 587 1704 621 est

362 649 599 707 sapientiae?
626 647 816 704 Denique
845 648 946 690 dicit
961 647 1133 690 Justus:
1162 666 1177 685 (ι
1196 648 1407 705 Sapientia
1432 656 1570 690 autem
1592 649 1704 690 unde

362 719 559 763 »inventa
596 718 688 760 est?
719 719 824 770 Quis
855 727 994 760 autem
1021 719 1137 760 locus
1167 728 1230 760 est
1266 719 1524 776 disciplinae?
1562 718 1703 762 Nescit

362 811 377 832 »
392 791 520 832 homo
542 789 649 831 viam
669 789 759 845 ejus
774 821 784 837 ,
816 803 891 830 nee
916 789 1082 830 inventa
1100 798 1160 831 ost
1188 788 1294 830 inter
1317 788 1549 832 homines¹.
1573 807 1590 829 ι

418 862 546 905 XLII.
584 861 693 917 Ergo
712 876 788 902 nec
813 860 854 901 in
879 868 1091 917 tempore,
1114 875 1189 902 nec
1209 861 1250 901 in
1270 861 1363 902 loco
1382 861 1592 919 Sapientia
1614 871 1701 912 est;

359 935 472 976 unde
494 942 535 975 et
556 942 722 989 tempus
743 947 832 973 esse
849 930 1067 988 significat.
1092 931 1175 973 Sed
1198 934 1409 987 quomodo
1433 933 1472 973 in
1498 941 1700 990 tempore,

360 1019 452 1060 quae
475 1003 515 1044 in
533 1002 739 1059 principio
757 1011 845 1043 erat
860 1002 878 1043 Ξ)
895 1004 1106 1058 quomodo
1125 1003 1164 1043 in
1188 1004 1282 1044 loco
1295 1036 1304 1051 ‚
1329 1019 1419 1058 quae
1443 1005 1552 1060 apud
1569 1004 1704 1047 Deum

358 1072 478 1114 erat?
502 1072 747 1136 Ussnigenitus
763 1072 892 1113 Filius
909 1072 941 1113 si
965 1072 1180 1128 quaeritur,
1203 1072 1242 1112 in
1268 1073 1360 1113 sinu
1387 1073 1513 1114 Patris
1534 1089 1706 1131 evauge-

358 1145 441 1187 lico
463 1144 609 1201 spiritu
631 1144 852 1202 reperitur,
876 1144 1087 1201 Numquid
1111 1143 1248 1186 sinum
1271 1144 1401 1186 Patris
1423 1147 1562 1187 locum
1591 1153 1707 1201 puta·

362 1221 439 1264 tis?
456 1222 507 1264 Et
534 1226 717 1279 quaeritis
741 1228 953 1283 quomodo
977 1235 1070 1269 nata
1095 1225 1167 1269 sit,
1206 1236 1304 1266 eum
1342 1223 1454 1266 dicat
1485 1224 1702 1282 propheti-

360 1317 434 1344 cus
452 1300 527 1343 Vir
547 1315 557 1342 ε
575 1317 589 1338 α
603 1298 884 1342 Nescithomo
904 1297 1012 1339 viam
1025 1296 1143 1353 ejus?
1159 1316 1174 1336 »
1188 1298 1240 1340 Et
1260 1300 1493 1340 secundum
1514 1299 1705 1341 homines

360 1382 500 1416 ortum
521 1373 611 1429 ejus
634 1371 870 1418 aestimatis,
897 1385 993 1412 cum
1010 1370 1087 1411 Job
1111 1368 1222 1411 dicat
1250 1369 1363 1424 quod
1385 1368 1492 1410 inter
1514 1368 1706 1411 homines

358 1458 443 1486 non
471 1443 522 1484 sit
552 1441 749 1484 inventa?
770 1441 822 1483 Et
853 1449 1031 1482 mortem
1060 1439 1241 1482 tribuitis
1274 1439 1515 1495 Sapientiae,
1552 1439 1603 1480 de
1625 1453 1705 1495 qua

369 1530 386 1551 a
403 1513 592 1569 Abyssus
616 1511 746 1553 dicit:
774 1511 865 1554 Non
888 1519 950 1552 est
974 1510 1015 1551 in
1037 1525 1133 1558 me3
1163 1518 1204 1551 et
1231 1524 1346 1550 mare
1368 1508 1497 1550 dicit:
1523 1507 1614 1550 Non
1639 1516 1702 1550 est

359 1581 581 1624 »mecum2
603 1581 646 1623 P»
662 1582 751 1624 Non
771 1581 872 1623 dicit
893 1582 1045 1622 coelum
1061 1595 1070 1621 t
1089 1580 1180 1622 Non
1198 1588 1260 1621 est
1281 1579 1319 1620 in
1345 1593 1428 1626 me,
1451 1596 1465 1616 a
1484 1578 1569 1620 Sed
1590 1577 1707 1634 abys-

359 1669 455 1695 nsus
483 1653 608 1694 dicit:
634 1652 725 1694 Non
747 1660 808 1693 est
830 1651 871 1692 in
901 1666 980 1692 me.
1005 1669 1019 1688 ι)
1045 1652 1135 1692 Non
1159 1650 1269 1691 enim
1294 1650 1442 1705 abysso
1458 1680 1468 1695 ,
1500 1648 1573 1690 sed
1595 1647 1705 1689 Patri

360 1724 462 1765 dixit
483 1739 491 1765 :
520 1741 534 1761 «
552 1724 597 1764 In
622 1737 769 1764 manus
789 1731 879 1763 tuas
897 1720 1150 1762 commendo
1172 1719 1361 1776 spiritum
1381 1715 1563 1759 meumst.
1584 1737 1598 1755 n
1615 1717 1706 1773 Ipsa

361 1794 496 1836 anima
520 1792 595 1834 etsi
618 1792 693 1833 fuit
712 1792 751 1832 in
778 1792 949 1847 abysso,
972 1790 1157 1844 jamnon
1176 1797 1264 1837 θεῖς
1284 1789 1378 1844 quia
1398 1788 1599 1843 scriptum
1619 1795 1702 1828 est:
1752 1837 1754 1839 ‚

369 1882 384 1902 α
403 1863 613 1915 Quoniam
637 1876 721 1903 nou
748 1861 958 1918 relinques
992 1860 1169 1902 animam
1195 1874 1331 1901 meam
1355 1859 1396 1900 in
1419 1858 1603 1906 inferno,
1629 1871 1706 1899 nec

358 1953 374 1974 ι)
389 1934 505 1975 dabis
523 1941 714 1974 sanctum
739 1940 856 1972 tuum
879 1930 1020 1973 videre
1041 1930 1356 1986 corruptionem
1371 1928 1400 1971 Δ.
1431 1947 1446 1967 n

416 2002 568 2045 XLIII.
605 2002 720 2043 Mare
740 2016 838 2058 ergo
866 2001 969 2043 dicit
989 2014 1000 2043 ε
1024 2018 1038 2038 α
1059 1999 1148 2043 Non
1171 2009 1233 2041 est
1257 2014 1421 2040 mecum
1439 2030 1449 2045 ‚
1475 2018 1489 2036 η
1512 1998 1593 2040 hoc
1616 2005 1703 2044 est,

357 2074 438 2116 vita
469 2081 610 2115 nostra
637 2072 739 2114 dicit
761 2071 959 2113 fluctibus
983 2070 1123 2112 saeculi
1148 2070 1345 2126 inquieta.
1378 2069 1469 2112 Non
1501 2077 1563 2110 est
1593 2067 1706 2109 enim

357 2144 466 2186 inter
487 2143 679 2185 homines
697 2157 793 2183 caro
816 2141 907 2197 ejus
925 2157 936 2189 ;
959 2141 1054 2197 quia
1079 2141 1311 2181 secundum
1331 2154 1499 2182 carnem
1519 2139 1603 2195 jam
1621 2153 1707 2180 non

357 2213 547 2256 novimus
574 2212 801 2253 Christum.
831 2211 957 2253 Terra
982 2210 1085 2252 dicit
1105 2224 1114 2251 ε
1140 2210 1263 2251 «Non
1283 2218 1344 2252 est
1367 2223 1534 2250 mecum
1551 2240 1560 2255 ‚
1580 2226 1595 2246 »
1610 2207 1706 2263 quia

359 2282 596 2324 resurrexit.
633 2281 822 2337 Denique
854 2279 1036 2336 Angelus
1069 2280 1124 2321 ait
1147 2294 1156 2321 :
1182 2297 1197 2317 «
1219 2279 1330 2329 Quid
1356 2278 1539 2333 quaeritis
1565 2276 1708 2318 viven-

360 2361 474 2394 »tem
517 2366 614 2393 cum
649 2350 842 2392 mortuis⁵
865 2350 880 2390 P
900 2369 913 2388 n
940 2350 990 2390 Et
1021 2351 1129 2390 bene
1162 2364 1277 2390 mare
1312 2347 1441 2389 dixit:
1477 2364 1491 2385 (ι
1514 2345 1605 2390 Νοιι
1646 2353 1708 2387 est

359 2437 581 2469 »mecum;
607 2440 621 2460 n
659 2422 753 2477 quia
794 2436 918 2477 super
950 2435 1064 2461 mare
1096 2427 1196 2460 erat.
1233 2418 1423 2473 Denique
1455 2417 1495 2458 in
1532 2415 1637 2457 mari
1666 2424 1708 2457 et

359 2493 571 2552 corporeis
604 2491 782 2549 vestigiis
811 2491 1071 2538 ambulabat,
1108 2489 1274 2546 quaudo
1311 2497 1352 2530 et
1379 2486 1570 2543 subjecto
1602 2485 1706 2527 mari

404 2604 412 2618 ¹
431 2595 508 2626 Job.
529 2595 763 2632 xxv111.12,15
795 2613 832 2618 —
854 2604 865 2618 ²
894 2593 977 2626 lbid.
1000 2594 1049 2631 ι’ί.
1081 2611 1118 2616 -
1149 2594 1160 2615 ³
1180 2593 1254 2624 Luc.
1272 2602 1362 2627 xxiii,
1383 2590 1435 2628 lui.
1455 2607 1494 2614 —
1516 2587 1628 2621 ⁴Psal.
1653 2597 1705 2624 xv,

368 2661 411 2682 ιο.
434 2667 472 2674 -·
493 2652 503 2672 5
523 2650 597 2681 Luc.
619 2660 704 2683 μιν,
723 2651 754 2681 5.
