1768 3283
347 313 429 354 206
556 340 567 349 ,
883 327 913 353 s.
953 326 1144 354 ,ixxnnosu

399 405 466 448 LI.
503 405 663 448 Deinde
682 419 778 447 cum
797 404 1054 446 Samaritana
1077 403 1193 460 quasi
1209 402 1403 445 Judaeum
1427 404 1683 460 appellaret,

342 483 384 517 et
404 475 656 532 Prophetam
681 483 867 531 putarct;
889 475 1004 530 quas-i
1027 474 1197 515 Judaeus
1220 473 1290 529 qui
1311 473 1551 530 spiritaliter
1576 488 1689 529 mys-

344 545 444 586 teria
471 545 589 601 Legis
615 545 808 591 doceret,
840 544 1082 600 respondit:
1108 562 1123 581 ιι
1147 543 1227 586 Vos
1252 543 1430 585 adoratis
1461 545 1574 599 quod
1599 557 1690 584 nes-

345 632 360 653 »
375 614 483 662 citis,
504 629 578 655 nos
600 614 822 655 adoramus
845 613 959 669 quod
981 613 1150 655 scimus.
1178 613 1281 662 Nos,
1299 633 1313 652 n
1331 613 1483 670 inquit,
1502 614 1585 655 hoc
1607 621 1685 662 est,

344 700 387 727 se
402 684 640 726 hominibus
668 684 893 741 copulavit.
924 684 1148 735 Quomodo
1174 693 1312 726 autem
1351 685 1427 726 nisi
1457 685 1690 727 seeundum

342 769 512 796 carnem
544 754 786 796 hominibus
815 754 1066 810 copulatur?
1098 754 1148 796 Et
1176 765 1222 796 ut
1245 756 1484 797 ostenderet
1509 754 1604 811 quia
1624 769 1691 796 se-

343 826 530 866 cundum
549 824 878 866 incarnationem
897 824 1187 881 responderat,
1207 825 1365 867 addidit
1387 840 1395 866 ε
1422 842 1437 863 c
1455 825 1562 876 Quia
1580 825 1691 866 salus

341 914 357 936 ι»
373 911 422 938 ex
441 895 596 937 Judaeis
614 895 715 937 est¹.
738 913 752 934 n

402 966 487 1007 LII.
516 965 597 1007 Sed
613 966 751 1007 statim
772 966 960 1023 posthoc
978 965 1252 1023 sequestravit
1271 965 1453 1008 hominis
1472 965 1687 1014 affectum,

345 1036 489 1078 dicens
511 1050 519 1076 ε
545 1054 559 1074 α
576 1035 724 1077 Veniet
740 1036 858 1084 hora,
874 1045 914 1077 et
933 1051 1044 1078 nune
1062 1038 1318 1092 est,quaudo
1342 1036 1426 1078 veri
1451 1037 1690 1094 adoratores

345 1124 360 1146 n
375 1106 609 1147 adorabunt
627 1106 789 1147 Patrem
805 1105 835 1147 ².
852 1125 866 1145 »
882 1106 971 1147 Non
991 1106 1093 1147 dixit
1116 1122 1124 1147 z
1149 1106 1444 1148 Adorabimus.
1473 1105 1598 1156 Quod
1615 1105 1692 1148 uti·

343 1192 424 1233 que
448 1176 631 1225 dixisset,
662 1176 694 1218 si
716 1177 974 1218 consortium
998 1177 1128 1218 nostri
1151 1177 1312 1218 subiret
1332 1176 1538 1232 obsequii.

403 1245 508 1287 LIII.
540 1245 696 1288 Verum
715 1261 811 1287 cum
830 1246 1053 1303 legerimus
1070 1248 1182 1303 quod
1201 1247 1329 1289 Maria
1347 1247 1532 1288 adoravit
1550 1243 1686 1294 eum',

344 1316 575 1372 intelligere
587 1316 788 1377 debemus
807 1317 1015 1372 quodnon
1035 1325 1173 1373 potest
1191 1332 1264 1373 per
1286 1318 1478 1358 eamdem
1494 1325 1690 1357 naturam

345 1396 387 1430 ct
411 1389 583 1429 adorare
611 1387 728 1444 quasi
758 1403 923 1435 servus,
950 1396 991 1429 et
1015 1390 1178 1430 adorari
1209 1388 1326 1445 quasi
1358 1388 1593 1430 Dominus:
1620 1387 1694 1429 scd

345 1459 482 1516 potius
515 1459 611 1515 quia
643 1467 689 1500 ut
716 1459 842 1500 homo
876 1459 984 1500 inter
1012 1459 1204 1501 homines
1243 1462 1418 1502 adorare
1450 1458 1620 1508 dicitur,
1651 1466 1693 1500 et

346 1529 463 1586 quasi
485 1529 688 1571 Dominus
709 1544 730 1570 a
747 1528 910 1570 famulis
932 1530 1144 1572 adoratur.

402 1599 505 1643 LIV.
542 1600 670 1642 Multa
686 1615 784 1657 ergo
806 1601 1693 1658 secundumincarnationislegimusetcre-

347 1672 484 1714 dimus
515 1679 849 1720 sacramentum,
877 1672 949 1713 sed
980 1671 1021 1712 iu
1051 1672 1137 1729 ipsa
1168 1682 1326 1714 naturae
1352 1672 1545 1714 liumauae
1573 1670 1693 1712 ass'ec-

346 1743 460 1786 tione
487 1742 748 1799 majestatem
767 1743 863 1784 licet
878 1751 1066 1800 spectare
1092 1742 1289 1785 divinam.
1315 1742 1530 1800 Fatigatur
1552 1756 1603 1783 ex
1626 1740 1693 1782 iti-

345 1829 445 1856 nere
467 1815 608 1862 Jesus,
635 1822 680 1856 ut
706 1812 867 1855 reficiat
886 1813 1105 1870 fatigatos:
1132 1813 1235 1870 petit
1261 1813 1429 1860 bibere,
1456 1811 1692 1854 sitientibus

346 1893 493 1942 potum
539 1884 769 1942 spiritalem
820 1885 991 1925 daturus
1011 1898 1019 1924 :
1044 1884 1190 1932 esurit,
1223 1883 1366 1925 cibum
1415 1882 1557 1924 salutis
1597 1897 1690 1922 esu-

347 1956 551 1998 rientibus
590 1955 841 2003 traditurus
881 1955 1074 2003 moritur,
1120 1953 1405 1997 vivificaturus
1425 1969 1434 1995 τ
1476 1953 1690 2010 sepelitur,

348 2033 664 2068 resurrecturus
686 2042 694 2067 :
732 2027 914 2068 tremulo
965 2027 1121 2083 pendet
1159 2025 1200 2066 in
1243 2024 1381 2080 ligno,
1426 2022 1694 2065 confirmatu-

346 2113 417 2140 rus
452 2105 708 2139 trementes:
744 2098 898 2138 coelum
925 2096 1101 2153 caligine
1134 2094 1328 2143 obducit,
1370 2102 1415 2135 ut
1451 2092 1686 2134 illuminet:

348 2177 478 2211 terras
507 2168 762 2216 tremefacit,
793 2176 839 2209 ut
862 2167 1038 2209 solidet:
1064 2166 1194 2208 maria
1227 2164 1475 2213 conturbet,
1511 2171 1556 2204 ut
1587 2161 1693 2204 miti-

347 2250 439 2299 get:
472 2247 627 2282 reserat
663 2239 846 2280 tumulos
875 2245 1157 2285 mortuorum,
1189 2244 1236 2277 ut
1261 2235 1455 2277 ostendat
1480 2231 1693 2275 domicilia

348 2328 438 2354 esse
459 2311 678 2354 vivorum:
706 2316 872 2350 creatur
894 2323 944 2349 ex
967 2307 1160 2363 Yirgine,
1186 2314 1231 2347 ut
1258 2321 1308 2347 ex
1337 2305 1424 2347 Deo
1452 2312 1573 2346 natus
1603 2316 1694 2344 esse

350 2383 575 2424 credatur:
599 2380 760 2422 nescire
788 2394 830 2420 se
861 2378 1053 2426 simulat,
1078 2385 1123 2418 ut
1151 2376 1258 2418 scire
1279 2375 1403 2417 saciat
1427 2373 1660 2416 nescientes
1680 2386 1690 2414 τ

350 2452 525 2494 adorare
541 2449 658 2508 quasi
681 2450 848 2491 Judaeus
876 2448 1046 2497 dicitur,
1071 2455 1117 2489 ut
1139 2446 1255 2504 quasi
1282 2460 1404 2488 verus
1426 2445 1538 2488 Deus
1565 2443 1692 2488 Filius

349 2522 560 2566 adoretur.

393 2621 402 2639 ¹
422 2612 515 2645 Joan.
537 2623 579 2650 iv,
601 2623 650 2645 22.
676 2630 716 2636 —
735 2621 746 2636 ²
767 2610 852 2644 lbid.
874 2611 922 2643 25.
943 2628 982 2635 --
1011 2610 1022 2634 ³
1045 2610 1165 2642 Manli.
1191 2619 1303 2648 auin,
1324 2619 1354 2651 9.
