1806 3256
394 235 475 287 138
940 249 971 277 s.
1011 249 1202 278 annosa

385 317 478 374 bat,
502 334 546 368 ut
560 341 603 368 se
625 326 801 383 amplius
826 327 1142 368 commendaret
1164 326 1302 375 Patri,
1327 327 1498 370 dicens:
1522 347 1536 367 α
1553 328 1734 373 Domine

389 396 542 449 »Jesust
568 397 710 453 recipe
732 395 925 453 spiritum
946 411 1088 437 meum
1105 396 1134 436 ¹.
1157 414 1173 434 υ
1194 396 1246 438 Et
1263 405 1308 438 ut
1327 398 1517 439 eamdem
1539 399 1671 441 Patris
1694 408 1738 442 et
1772 388 1775 398 ’

388 466 481 507 Filii
503 475 752 523 potestatem
779 481 868 506 esse
898 466 1166 512 ostenderet,
1196 466 1387 522 repetivit
1411 467 1584 509 dicens:
1615 486 1629 506 ιι
1650 469 1737 510 Do·
1774 494 1778 506 .-

389 555 405 576 ι)
421 537 531 578 mine
547 569 556 584 ,
583 552 633 576 ne
657 544 811 576 statuas
830 535 906 576 illis
931 535 1011 575 hoc
1039 535 1302 590 peccatun12.
1328 554 1342 574 ι)
1364 536 1452 577 Hoc
1476 536 1677 578 Dominus
1695 538 1738 578 in
1782 563 1785 571 =

390 607 582 665 passione
612 606 776 663 propria
801 606 918 661 quasi
945 605 1074 645 Filius
1097 605 1276 646 hominis
1298 606 1407 647 Patri
1439 606 1570 649 dicit:
1592 606 1674 649 hoc
1700 616 1741 650 et
1777 596 1781 640 Ξ

392 676 628 733 Stephanus
660 676 812 717 Filium
844 675 922 716 Dei
949 675 990 716 in
1017 689 1093 715 suo
1115 675 1316 732 martyrio
1341 677 1603 732 depreeatur.
1634 677 1741 719 Cum
1777 672 1783 682 ⁸

394 747 539 787 eadem
559 746 688 802 gratia
713 760 732 786 a
752 745 873 787 Patre
890 745 1082 801 Filioque
1101 734 1359 802 deposcitur,
1383 746 1529 787 eadem
1553 747 1742 803 potentia
1780 759 1785 801 g

394 818 644 859 declaratur.
1561 836 1563 840 ⁴

454 886 601 929 CXLI.
640 886 723 928 Aut
743 886 775 927 si
798 887 944 927 volunt
967 885 1226 942 Stephanum
1245 885 1356 928 Patri
1380 885 1553 934 dixisse,
1579 885 1746 928 videant

397 956 499 1013 qnid
522 956 688 1013 propria
723 955 1014 997 testificatione
1038 955 1289 1012 significent.
1325 956 1443 997 Licet
1465 971 1539 997 nos
1562 956 1636 997 ista
1661 971 1747 998 non
1785 990 1789 1015 3

398 1034 620 1072 moveant3
651 1026 870 1066 advertant
900 1034 1039 1066 tamen
1071 1025 1141 1081 qui
1175 1033 1308 1066 totum
1346 1025 1386 1065 in
1418 1025 1555 1066 littera
1587 1025 1748 1068 consti-

400 1104 524 1138 tuunt
543 1104 584 1136 et
608 1096 648 1136 in
673 1095 841 1142 ordine,
862 1094 974 1150 quod
996 1094 1126 1136 Filius
1146 1094 1260 1151 prius
1279 1095 1331 1136 sit
1356 1104 1535 1151 rogatuS.
1564 1094 1646 1137 Nos
1674 1110 1750 1136 au-

401 1175 484 1208 tem
504 1175 545 1207 et
563 1167 796 1207 secundum
815 1181 961 1207 eorum
982 1165 1368 1222 interpretationem
1388 1166 1646 1207 ostendimus
1662 1164 1752 1206 uni-

402 1244 530 1278 tatem
557 1237 745 1277 Paternae
768 1235 997 1291 majestatis
1021 1244 1063 1276 et
1083 1235 1307 1283 Filii3nam
1331 1250 1427 1276 cum
1447 1236 1569 1276 Pater
1584 1242 1754 1291 rogatur

402 1315 443 1349 et
465 1297 619 1353 Filius,
643 1306 858 1362 aequalitas
884 1306 1147 1362 ⁴precationis
1177 1305 1430 1361 operationis
1468 1306 1623 1346 indicat
1657 1305 1755 1346 uni-
1796 1310 1806 1367 ἦ

1803 1387 1806 1419 Ι

1802 1421 1806 1487 ἕ

1802 1542 1806 1560 1

404 1385 545 1418 tatem.
569 1375 610 1430 Si
633 1385 771 1417 autem
796 1376 875 1417 illis
895 1390 976 1417 non
996 1376 1250 1433 placctFilio
1270 1375 1429 1416 dictum
1445 1409 1454 1422 ‚
1471 1393 1486 1413 α
1506 1376 1711 1424 Domine3
1729 1394 1744 1414 ιι
1804 1368 1806 1383 '

403 1436 594 1489 videmus
617 1447 732 1502 quod
755 1447 881 1487 etiam
905 1446 1131 1487 Dominum
1156 1461 1253 1487 enm
1278 1460 1432 1502 negare
1455 1455 1673 1488 conantur.
1804 1497 1806 1506 Ι

466 1517 631 1559 CXLII.
671 1516 752 1557 Sed
776 1516 859 1571 jam
885 1516 980 1571 quia
1008 1516 1199 1572 Martyris
1230 1517 1331 1556 tanti
1353 1530 1505 1556 corona
1530 1514 1756 1571 processit,
1804 1520 1806 1526 '

407 1587 543 1629 studia
582 1586 820 1628 certaminis
861 1587 1094 1627 relaxemus
1112 1618 1122 1635 ‚
1159 1585 1281 1627 ferias
1322 1584 1514 1626 hodierni
1557 1584 1759 1625 sermonis
1802 1598 1806 1621 ε

409 1657 654 1699 habeamus.
702 1656 1010 1712 Prosequanmr
1049 1663 1240 1696 sanctum
1277 1654 1504 1710 Martyrem
1537 1653 1758 1701 laudibus,
1804 1687 1806 1702 ,

411 1715 519 1769 sicut
539 1735 632 1785 post
655 1741 804 1781 magna
831 1726 1009 1767 decebat
1031 1725 1284 1772 certamina,
1319 1723 1561 1765 vulneribus
1589 1721 1760 1778 quidem
1804 1736 1806 1741 ·

413 1795 635 1838 adversarii
657 1803 945 1843 cruentatum,
967 1796 1041 1837 sed
1065 1793 1222 1836 Christi
1247 1793 1427 1851 praemiis
1453 1800 1715 1834 coronatum.

459 1909 467 1923 ¹
491 1900 560 1931 Act.
576 1899 700 1937 v1·‚58.
719 1917 758 1923 —
777 1909 788 1922 ²
812 1897 900 1930 lbid.
920 1899 975 1938 59.
