1768 3283
363 284 447 333 414
911 303 942 328 s.
983 302 1177 330 Aunizosu

421 375 699 421 LXXXVIII.
737 378 841 430 Quis
863 387 925 421 est
946 395 1046 436 ergo
1072 380 1142 435 qui
1166 379 1324 428 illuxit,
1350 388 1396 422 ut
1414 394 1718 438 cognoscamus

362 448 499 491 Deum
534 449 575 489 in
598 448 702 490 facie
728 449 880 490 Christi
904 449 1033 491 Jesu?
1060 449 1171 491 Dixit
1193 450 1306 491 enim
1334 465 1342 490 :
1369 468 1384 489 α
1410 451 1550 494 Illuxit
1577 452 1689 495 Deus
1706 484 1717 502 ‚

367 527 443 559 »ut
461 526 739 575 cognoscatur
761 517 924 560 claritas
949 518 1024 560 Dei
1043 518 1083 559 in
1105 518 1211 560 facie
1233 518 1388 561 Christi
1410 519 1539 563 Jesu:
1563 541 1578 560 »
1594 536 1720 578 quem

367 597 563 645 putamus
584 588 710 630 alium
733 596 884 644 praeter
906 587 1109 644 Spiritum
1131 589 1424 631 declaratum?
1445 589 1529 632 Aut
1547 591 1638 647 quis
1655 599 1718 633 est

366 659 468 700 alius
485 667 634 716 praeter
650 659 852 716 Spiritum
871 667 1063 700 sanctum
1076 691 1086 706 ‚
1109 659 1177 700 cui
1194 659 1430 702 Divinitatis
1447 661 1633 718 potentia
1651 663 1719 703 de·
1762 686 1763 690 =

365 727 547 770 seratur?
570 729 654 780 Qui
676 729 787 770 enim
807 729 1009 786 Spiritum
1033 731 1289 778 excludunt,
1314 746 1486 773 necesse
1510 740 1571 774 est
1593 732 1720 773 ind-u·
1762 773 1764 778 ,

366 806 464 840 cant
481 799 630 849 alium,
653 799 724 856 qui
747 814 844 841 cum
862 801 984 842 Patre
1007 808 1048 842 et
1063 800 1168 842 Filio
1192 800 1365 857 gloriam
1387 801 1623 844 Divinitatis
1647 815 1720 843 ac-

364 867 504 925 cipiat.
1761 868 1763 870 ’

422 940 663 984 LXXXIX„
694 942 851 983 Eadem
885 941 1011 999 igitur
1039 941 1167 983 verba
1192 950 1432 998 repetamus
1458 956 1500 984 :n
1522 941 1634 984 Deus
1657 950 1720 984 est

363 1011 465 1065 »qui
491 1010 626 1053 illuxit
650 1011 700 1051 ad
724 1011 1074 1053 illuminationem
1098 1011 1296 1053 claritatis
1322 1011 1400 1053 Dei
1425 1012 1467 1053 in
1487 1012 1592 1055 facie
1613 1012 1716 1054 <Iesu

362 1097 379 1119 »
395 1079 561 1121 Christi.
580 1098 595 1119 »
623 1081 761 1122 Habes
797 1082 1011 1123 Christum
1043 1081 1260 1123 evidenter
1288 1097 1543 1138 expressum.
1587 1081 1718 1139 Cujus
1761 1078 1762 1101 ³

365 1164 464 1205 ergo
489 1150 654 1192 claritas
680 1151 918 1193 illuminare
947 1150 1100 1193 dicitur
1122 1151 1199 1192 nisi
1222 1150 1432 1208 Spiritus?
1454 1150 1604 1208 Ipsum¹
1618 1166 1716 1208 ergo

361 1220 497 1263 Deum
516 1222 745 1277 expressit,
772 1221 869 1278 quia
901 1220 1134 1263 claritatem
1157 1220 1234 1262 Dei
1259 1220 1363 1262 dixit
1384 1236 1392 1262 :
1414 1220 1446 1262 si
1467 1221 1621 1270 Patris,
1647 1236 1717 1263 su-

362 1300 503 1347 perest
536 1300 609 1334 ut«
630 1292 713 1343 Qui
741 1293 844 1334 dixit
870 1293 920 1334 de
944 1291 1126 1333 tenebris
1152 1291 1296 1332 lumen
1321 1290 1615 1347 splendescere
1632 1324 1642 1343 ,
1675 1300 1718 1333 et

361 1362 527 1404 »illuxit
549 1362 590 1403 in
608 1363 806 1404 cordibus
826 1362 979 1405 nostris
992 1394 1001 1410 ‚
1021 1361 1229 1418 »Spiritus
1246 1369 1415 1402 sanctus
1434 1361 1713 1418 intelligatur,-

366 1433 491 1475 alium
515 1433 627 1475 enim
652 1448 736 1474 non
759 1448 981 1490 possumus
1014 1447 1111 1474 cum
1146 1431 1268 1473 Patre
1294 1430 1486 1486 Filioque
1506 1429 1709 1472 venerari.

363 1502 407 1545 Si
436 1503 563 1560 igitur
595 1503 798 1560 Spiritum
830 1502 1026 1560 intelligis
1047 1534 1058 1551 ,
1095 1510 1137 1543 et
1173 1501 1288 1544 hunc
1324 1501 1549 1558 Apostolus
1579 1501 1716 1544 Deum

365 1573 490 1623 dixit,
510 1588 682 1616 necesse
703 1581 765 1616 est
787 1573 913 1631 igitur
931 1573 1139 1616 Deitatem
1158 1572 1339 1629 Spiritus
1357 1571 1484 1614 etiam
1501 1586 1571 1614 vos
1593 1571 1717 1613 fatea-

362 1643 490 1693 mini,
518 1645 588 1701 qui
609 1644 781 1701 negatis.

421 1714 511 1757 XC.
549 1714 634 1757 Sed
650 1729 776 1771 qnam
798 1704 1067 1772 impudenter
1086 1713 1245 1770 negatis
1265 1745 1275 1762 ,
1300 1727 1396 1757 cum
1415 1710 1598 1770 legeritis
1618 1709 1713 1767 quia

363 1787 568 1842 templum
592 1785 721 1827 habet
757 1784 937 1841 Spiritus
974 1785 1169 1825 sanctus!
1220 1783 1436 1840 Scriptum
1469 1790 1532 1824 est
1565 1782 1712 1830 enim:

371 1856 622 1914 «Templum
647 1856 722 1898 Dei
744 1871 815 1898 vos
837 1855 956 1904 estis,
995 1864 1036 1897 et
1065 1854 1245 1911 Spiritus
1267 1863 1440 1896 sanctus
1470 1853 1633 1895 habitat
1671 1853 1714 1894 in

357 1946 374 1967 ι»
388 1927 568 1970 vobis¹.1›
590 1924 706 1969 Deus
734 1941 836 1984 ergo
871 1928 1077 1983 templum
1112 1925 1268 1973 habet,
1293 1933 1483 1967 creatura
1508 1925 1713 1981 templum
1757 1927 1759 1957 ἒ

362 2012 444 2039 non
469 1997 597 2039 habet
628 2013 787 2040 verum.
827 1997 1006 2053 Spiritus
1039 2005 1178 2038 autem
1212 1996 1340 2038 habet
1376 1997 1603 2052 templum,
1642 1994 1713 2051 qui

359 2067 521 2109 habitat
543 2067 585 2109 in
609 2068 743 2110 nobis.
772 2067 876 2110 Nam
900 2067 1103 2124 scriptum
1127 2074 1190 2108 cst
1215 2080 1224 2107 :
1244 2083 1259 2102 «
1281 2065 1388 2117 Quia
1408 2065 1600 2107 membra
1626 2078 1713 2106 ves·
1756 2110 1758 2115 Α

357 2155 373 2178 n
389 2147 450 2180 tra
472 2140 677 2196 templum
697 2146 794 2180 sunt
816 2138 995 2195 Spiritus
1018 2135 1192 2178 sancti2.
1214 2154 1229 2175 n
1756 2122 1758 2127 ,

415 2207 528 2251 XCI.
564 2210 611 2250 In
634 2210 791 2266 templo
821 2216 960 2250 autem
992 2223 1077 2248 non
1101 2206 1219 2263 quasi
1242 2207 1439 2248 sacerdos
1455 2237 1465 2254 ,
1491 2219 1569 2247 nec
1593 2203 1712 2261 quasi

359 2278 566 2328 minister,
595 2280 670 2321 sed
695 2279 813 2335 quasi
835 2279 946 2320 Deus
972 2278 1180 2319 inhabitat
1202 2294 1212 2325 3
1239 2277 1438 2333 quoniam
1458 2276 1544 2333 ipse
1563 2274 1719 2335 Domi3

359 2366 439 2394 nus
458 2350 560 2392 dixit
579 2352 696 2392 Jesus
723 2349 1030 2391 :«lnhabitabo
1059 2350 1098 2390 in
1126 2349 1231 2399 illis,
1262 2356 1303 2389 et
1331 2348 1438 2388 inter
1462 2362 1533 2389 eos
1560 2347 1712 2388 ambu-

359 2422 509 2470 »labo3
530 2429 572 2464 et
594 2436 665 2463 ero
689 2421 856 2463 illorum
878 2420 1006 2469 Deus,
1031 2428 1071 2461 et
1088 2419 1164 2476 ipsi
1185 2427 1310 2460 erunt
1328 2417 1429 2459 mihi
1447 2416 1664 2475 populus³.
1682 2435 1698 2455 a
1754 2446 1756 2473 t

357 2491 409 2532 Et
429 2490 563 2532 David
597 2491 698 2533 dicit
724 2490 986 2532 :meminus
1011 2489 1053 2530 in
1081 2490 1237 2546 templo
1262 2496 1406 2529 sancto
1429 2487 1574 2529 suo“.»
1598 2487 1707 2543 Ergo

359 2559 538 2617 Spiritus
555 2561 719 2603 habitat
736 2560 779 2602 in
796 2561 952 2618 templo
972 2567 1117 2603 sancto
1136 2574 1228 2607 su0,
1248 2558 1356 2600 sicut
1380 2558 1542 2601 habitat
1567 2556 1706 2606 Pater,

404 2660 414 2676 ¹
439 2651 545 2686 1Cor.
562 2663 612 2690 ιιι,
632 2652 729 2685 ι6.-
743 2660 756 2676 ⁸
774 2652 824 2685 Id.
838 2653 947 2691 v1‚15.
960 2671 998 2677 -
1018 2654 1031 2677 3
1047 2637 1152 2686 Levit.
1172 2661 1264 2693 xxvi,
1284 2662 1332 2683 12.
1345 2666 1387 2675 -·
1406 2651 1420 2679 4
1433 2648 1517 2683 Psal.
1536 2659 1568 2689 x,
1587 2648 1621 2682 5.
