1768 3283
2 1465 9 1641 ——d-

243 311 295 336 ne
330 309 493 337 ixclmx.
533 310 673 337 noum.
713 309 1003 342 sAanmcmo,
1039 312 1115 337 mn.
1155 313 1181 338 1.
1311 298 1394 353 469

50 388 162 444 quod
184 387 239 428 ait
256 386 459 429 Dominus
481 402 489 428 :
508 387 684 429 «Tristis
709 396 772 428 est
792 387 928 428 anima
948 402 1036 428 mea
1062 402 1192 443 usque
1215 389 1265 429 ad
1288 404 1396 430 mor-

50 475 65 495 »
82 465 163 499 tem
182 472 193 504 ;
213 464 283 498 »et
310 456 414 497 infra
441 471 481 496 :«
498 457 618 498 Pater
648 471 765 498 meus
781 489 790 503 ,
825 457 858 498 si
881 457 1077 514 possibile
1098 466 1187 505 est,
1221 460 1397 500 transfer

50 541 101 567 »a
121 540 189 567 me
211 525 385 567 calicem
408 526 518 567 hunc
541 541 550 566 :
572 527 644 568 sed
672 539 809 567 tamen
833 541 916 567 non
940 526 1049 568 sicut
1070 542 1146 583 ego
1172 529 1264 569 volo
1281 561 1289 575 ‚
1326 530 1398 569 sed

49 594 186 636 »sicut
205 602 251 635 tu
275 594 355 636 vis¹
377 611 386 641 ς
414 610 496 636 non
516 597 567 637 ad
589 596 767 653 Spiritus
789 596 919 637 sancti
945 597 1275 653 compassionem
1296 630 1305 645 ,
1328 598 1400 638 sed

50 666 102 707 ad
125 664 381 706 rationabilis
405 666 733 722 assumptionem
755 667 901 707 animae
921 699 929 712 ,
954 675 994 708 et
1018 676 1179 708 naturae
1206 668 1400 710 humanae

51 735 231 776 refertur
254 734 474 783 affectum,
501 751 762 793 consequens
779 745 841 778 est
863 745 909 778 ut
930 752 1005 794 per
1029 739 1297 780 assertionem
1320 739 1403 781 Do-

51 803 194 845 minici
223 805 473 845 sacramenti
495 813 537 846 et
557 806 862 862 plenitudinem
886 815 1045 848 naturae
1067 806 1259 849 humanae
1278 808 1404 850 fuisse

52 882 288 915 astruamus
313 873 351 914 in
371 873 560 922 Christo,
591 882 633 916 et
655 874 704 915 ab
729 874 983 916 infirmitatis
1007 875 1250 931 praejudicio
1269 877 1402 933 Spiri-

51 951 140 984 tum
167 951 359 985 sanctum
384 958 637 1000 separemus.
666 943 757 986 Non
776 953 837 986 est
862 944 974 986 enim
993 945 1199 986 obnoxius
1222 945 1402 988 infirmi-

53 1015 150 1063 tati,
171 1014 242 1071 qui
265 1029 349 1056 non
373 1025 434 1057 est
456 1015 660 1057 obnoxius
678 1016 872 1072 passioni.

108 1083 256 1127 LXIV.
291 1084 445 1136 Quaero
478 1084 603 1141 igitur
636 1100 717 1142 qua
743 1085 904 1127 ratione
933 1085 1114 1128 animam
1142 1095 1294 1143 putent
1321 1088 1411 1144 qui-

53 1155 149 1196 dam
173 1168 195 1195 a
216 1154 397 1196 Domino
425 1154 526 1196 Jesu
552 1170 637 1196 non
659 1170 748 1197 esse
772 1163 1036 1213 susceptam;
1067 1172 1117 1198 an
1147 1157 1246 1213 quia
1268 1166 1407 1199 metus

53 1234 115 1267 est
140 1240 193 1267 ne
214 1241 338 1267 sensu
360 1225 551 1268 Christus
573 1227 787 1268 laberetur
810 1226 1028 1268 humano?
1059 1227 1218 1269 Dicunt
1249 1228 1406 1285 quippe

53 1295 149 1351 qnia
172 1288 513 1352 concupiscentia
536 1296 670 1338 carnis
692 1297 771 1352 legi
790 1297 940 1338 mentis
961 1296 1206 1354 repugnet2.
1231 1298 1316 1340 Sed
1339 1299 1408 1355 qui

54 1364 135 1406 hoc
169 1365 244 1413 ait,
276 1373 438 1408 tantum
469 1366 585 1408 abest
610 1371 657 1407 ut
683 1366 894 1409 Christum
925 1367 1132 1423 putaverit
1154 1369 1245 1424 lege
1274 1368 1410 1410 carnis

55 1435 289 1492 inpeccati
326 1436 493 1478 vincula
526 1436 650 1478 fuisse
679 1437 1002 1484 deducendum3
1038 1445 1082 1478 ut
1116 1438 1202 1494 ipse
1235 1437 1276 1479 in
1308 1446 1410 1479 aestu

55 1505 213 1562 positus
236 1507 468 1562 fragilitatis
492 1507 713 1554 humanae,
737 1523 811 1564 per
835 1507 1049 1549 Christum
1086 1508 1162 1549 sibi
1198 1507 1410 1549 subveniri

56 1590 177 1632 posse
193 1576 419 1618 crediderit
441 1577 584 1619 dicens
611 1592 651 1618 :‹:
671 1577 816 1618 Infelix
839 1592 916 1634 ego
938 1578 1088 1619 homo!
1115 1578 1206 1633 quis
1227 1592 1292 1619 me
1309 1578 1410 1619 libe-

56 1647 196 1689 »rabit
223 1648 274 1689 de
301 1662 478 1704 corpore
507 1647 654 1689 mortis
686 1647 842 1703 hujus}J
874 1647 1016 1689 Gratia
1049 1647 1127 1688 Dei
1162 1662 1235 1704 per
1265 1635 1413 1689 «Iesum

57 1735 72 1754 1>
89 1716 302 1758 Christum
333 1717 559 1759 Dominum
582 1726 771 1758 nostrum
788 1716 817 1759 ³.
836 1737 850 1755 n
867 1717 949 1768 Qui
974 1731 1072 1774 ergo
1098 1717 1197 1759 alios
1224 1732 1243 1757 a
1275 1717 1413 1759 carnis

57 1787 221 1828 lubrico
243 1786 503 1835 vindicabat,
530 1787 736 1842 numquid
755 1786 981 1828 formidare
998 1795 1162 1843 poterat
1177 1820 1186 1834 ,
1211 1802 1264 1828 ne
1284 1787 1411 1829 etiam

58 1856 146 1913 ipse
163 1855 379 1897 dominatu
402 1857 584 1913 quodam
607 1856 744 1898 carnis
762 1856 878 1898 istius
903 1856 1174 1898 vinceretur?

117 1924 246 1969 LXV.
273 1926 358 1968 Sed
375 1926 511 1967 carnis
530 1926 645 1967 istius
659 1959 669 1974 ,
690 1926 797 1968 sicut
817 1928 962 1968 volunt
977 1959 986 1974 ,
1007 1926 1260 1968 formidabat
1278 1926 1416 1969 illece-

36 2033 39 2037 .
59 1998 181 2046 bras3
205 2012 304 2054 ergo
322 2005 363 2039 et
380 1997 516 2039 carnis
534 1997 845 2054 susceptionem
864 1997 1074 2039 declinare
1102 1998 1327 2044 debueram
1365 2014 1417 2041 ne

61 2069 112 2110 ad
141 2068 354 2110 lubricum
383 2067 622 2109 traheretur
647 2067 812 2109 erroris.
849 2067 933 2109 Sed
962 2068 1177 2124 quomodo
1198 2068 1414 2110 lubricum

60 2146 223 2194 poterat
237 2137 383 2179 timere
396 2137 574 2194 peccati,
589 2137 657 2194 qui
669 2145 889 2194 peceatum
903 2137 1154 2178 remissurus
1172 2137 1416 2179 advenerat?

61 2209 112 2251 Et
130 2209 222 2250 ideo
240 2223 337 2250 cum
354 2208 583 2265 susceperit
601 2223 769 2250 carnem
786 2207 966 2249 hominis
981 2240 990 2256 ‚
1004 2222 1266 2263 consequens
1293 2216 1356 2249 est
1373 2216 1418 2249 ut

63 2279 363 2336 perfectionem
398 2278 697 2321 incarnationis
732 2278 1122 2335 plenitudinemque
1159 2278 1415 2335 susceperit;
1435 2297 1439 2301 ·

63 2351 170 2393 nihil
194 2350 306 2392 enim
332 2349 373 2391 in
400 2349 567 2392 Christo
598 2349 903 2407 imperfectum.
948 2348 1142 2406 Suscepit
1164 2349 1304 2405 itaque
1325 2364 1417 2391 car-

63 2429 238 2471 nem,ut
257 2421 521 2463 resuscitaret
540 2436 548 2462 :
566 2421 789 2479 assumpsit
807 2420 989 2463 animam
1006 2452 1016 2468 ‚
1037 2420 1110 2461 sed
1128 2419 1308 2461 animam
1327 2434 1424 2476 per·

66 2490 238 2538 sectam,
260 2490 571 2539 rationabilem,
590 2491 820 2533 humanam
841 2489 1061 2546 assumpsit
1080 2496 1203 2545 atque
1219 2490 1414 2546 suscepit.

124 2558 270 2602 LXVI.
310 2559 414 2602 Nam
447 2560 538 2616 quis
575 2568 712 2619 potest
748 2575 901 2618 negare
927 2560 1040 2616 quod
1071 2559 1303 2616 susceperit
1333 2559 1418 2601 ani-

114 2659 120 2674 ·
141 2650 259 2682 Manli.
276 2659 362 2687 xxvi,
381 2649 434 2690 38,
454 2650 506 2693 59.
527 2669 567 2676 --
588 2661 599 2675 ⁸
622 2651 717 2684 Rom.
736 2662 794 2692 vn,
816 2651 864 2682 25.
889 2669 924 2674 —
947 2652 960 2674 ³
981 2649 1067 2681 Ibid.
1090 2650 1143 2688 24,
1163 2651 1212 2682 25.
