1806 3256
0 2514 1 2536 t

0 2541 3 2654 l

0 2657 4 2778 ἒ

1 2789 5 2832 Ι

2 2843 6 2925 ι

3 2966 8 3090 ἰ

0 3096 10 3210 *1

0 3214 11 3256 ἦ

489 294 540 322 DE
573 295 686 328 FIDE,
721 294 799 321 LlB.
840 295 878 322 V.
1286 298 1362 340 191

17 373 256 432 lapidesque
279 372 463 430 pretiosi.
490 372 534 414 In
561 373 705 415 vestris
728 371 887 414 moritis
912 373 1181 415 sacerdotalis
1205 389 1368 417 summa

17 443 168 486 laboris
193 452 278 491 cst,
313 443 352 484 in
385 443 530 484 vestris
561 443 707 483 animis
747 442 908 484 fructus
943 442 1190 499 episcopalis
1230 445 1370 500 operis

17 513 226 562 enitescit;
255 513 295 554 in
324 513 466 554 vestris
500 513 759 569 profectibus
789 527 937 553 aurum
961 512 1128 554 Domini
1161 513 1363 571 refulget,

18 584 318 640 multiplicatur
341 592 558 639 argeutum
577 614 587 630 ,
612 583 643 623 si
662 582 824 638 eloquia
845 582 982 624 divina
1003 583 1178 625 teneatis
1201 598 1209 625 :
1236 602 1250 622 u
1273 584 1370 626 Elo-

19 655 142 712 »quia
169 654 280 696 enim
304 654 493 700 Domini,
527 654 691 709 eloquia
722 661 865 695 casta:
894 661 1110 709 argentum
1144 654 1239 709 igne
1271 669 1370 695 exa-

19 724 251 768 »minatum
277 756 286 770 ‚
321 723 545 780 probatum
580 731 701 764 terrae
724 755 733 770 ‚
768 731 994 780 purgatum
1033 723 1315 780 septuplum¹.
1343 742 1358 763 n

20 794 100 837 Vos
133 808 232 849 ergo
261 792 421 834 facietis
444 792 740 833 foeneratorem
779 793 975 840 divitem,
1003 792 1229 848 agricolam
1259 793 1373 834 fruc-

20 872 184 906 tuosum
207 877 216 902 :
243 877 314 903 vos
339 862 518 919 peritum
542 862 771 917 probabitis
796 861 1089 903 architectum.
1126 862 1216 905 Non
1252 878 1371 904 arro-

21 941 165 990 ganter
185 933 279 974 dico
297 966 305 979 ‚
326 932 420 987 quia
445 946 527 972 non
556 941 637 973 tam
663 946 758 973 mea
783 940 904 980 sunt,
936 946 1062 987 quam
1096 941 1256 981 vestra,
1281 948 1373 990 quae

22 1017 162 1044 voveo.

77 1072 131 1116 X.
170 1072 206 1112 O
230 1071 261 1112 si
287 1057 388 1112 {nihi
414 1072 536 1112 liccat
561 1086 707 1112 secure
732 1072 783 1112 (le
805 1071 921 1112 vobis
949 1080 1050 1113 tunc
1078 1073 1280 1129 temporis
1307 1073 1375 1114 (li-

23 1156 147 1185 cere:
183 1161 196 1180 «
225 1142 424 1189 Domine,
458 1142 642 1198 quinque
676 1143 830 1184 talenta
863 1143 965 1184 milii
991 1143 1165 1190 dedisti,
1202 1152 1244 1185 et
1275 1158 1376 1185 ecce

23 1214 128 1254 »alia
160 1213 345 1268 quinque
374 1214 559 1253 lucratus
597 1211 741 1259 sum'2;
773 1231 786 1250 »ι
813 1220 855 1253 et
886 1214 1107 1254 ostendere
1140 1222 1376 1255 vestrarum

24 1283 174 1325 talenta
197 1282 375 1339 pretiosa
403 1283 633 1322 virtutum!
660 1300 673 1320 ιι
694 1282 906 1324 Habemus
929 1282 1040 1323 enim
1069 1283 1312 1324 thesaurum
1332 1283 1375 1324 in

24 1353 157 1395 »va-sis
181 1350 422 1394 fictilibus³.
446 1370 460 1390 2>
483 1352 578 1392 Haec
604 1360 702 1392 sunt
734 1353 885 1394 talenta
911 1368 1002 1408 quae
1026 1352 1143 1408 jubet
1172 1353 1379 1394 Dominus

25 1423 262 1480 spiritaliter
285 1422 474 1462 foenerari
500 1437 508 1462 :
536 1430 605 1462 {int
630 1423 712 1462 (luo
735 1437 816 1462 aera
844 1421 944 1463 Novi
972 1431 1011 1464 et
1043 1422 1203 1464 Veteris
1234 1423 1381 1464 Testa-

21 1493 165 1540 menti,
186 1508 277 1549 quae
296 1493 472 1549 spoliato
491 1493 545 1533 illi
567 1507 586 1532 a
607 1492 841 1533 latronibus
856 1492 1142 1534 Samaritanus
1161 1493 1228 1533 ille
1248 1493 1379 1534 Evan-

25 1563 179 1620 gelicus
202 1563 253 1604 ad
274 1563 458 1604 curanda
480 1563 651 1603 vulnera
675 1562 940 1617 dereliquit&

81 1633 155 1676 XI.
195 1633 339 1689 Neque
362 1648 461 1689 eg0,
484 1633 651 1679 fratres,
678 1632 761 1672 voti
787 1646 932 1672 avarus
958 1631 1050 1672 ideo
1070 1632 1158 1673 haec
1183 1639 1281 1687 opto
1299 1664 1309 1678 ‚
1336 1639 1383 1673 ut

26 1719 148 1761 supra
181 1705 311 1745 multa
341 1703 574 1744 constituar
596 1717 605 1744 z
636 1711 698 1744 sat
719 1709 780 1743 est
804 1702 906 1744 m'hi
928 1701 1148 1760 pramium
1174 1703 1224 1743 de
1249 1709 1383 1742 vestro

26 1775 228 1832 prosectu.
260 1773 422 1815 [tinam
447 1788 531 1815 uon
552 1773 747 1829 indiguus
765 1787 813 1813 eo
838 1773 1041 1820 inveniar,
1067 1773 1180 1828 quod
1211 1771 1381 1826 accepi!

27 1844 83 1886 Ea
101 1859 191 1900 quae
207 1852 304 1884 sunt
326 1858 393 1884 mc
415 1842 576 1898 majora
600 1842 847 1883 melioribus
867 1841 1106 1889 tribuenda,
1134 1856 1218 1882 non
1238 1840 1381 1896 exigo3

29 1913 127 1956 licet
148 1914 298 1960 soleas,
323 1912 519 1959 Domine,
547 1912 687 1952 dicere
709 1926 717 1952 :
736 1929 750 1949 α
769 1909 876 1953 Volo
899 1919 1037 1952 autem
1060 1918 1101 1951 et
1123 1910 1222 1952 huic
1247 1909 1387 1950 novis-

33 1983 162 2025 »simo
192 1984 318 2031 dare,
349 1983 458 2024 sicut
489 1992 530 2024 et
563 1982 638 2023 tibi
659 1982 688 2024 ⁵.
713 2001 728 2021 n
757 1982 949 2039 Accipiat
982 1989 1231 2038 potestatem
1263 1994 1388 2036 supra

34 2055 177 2095 decem
204 2052 414 2099 civitates,
439 2051 508 2107 qui
532 2050 764 2093 meretur⁶.

91 2123 186 2164 XII.
225 2121 287 2163 Sit
320 2121 388 2163 ille
426 2120 514 2162 talis
535 2152 546 2167 ,
583 2121 715 2176 qualis
747 2121 909 2177 Moyses
931 2152 940 2168 ,
975 2119 1046 2176 qui
1080 2118 1200 2174 Legis
1242 2119 1390 2160 decem

34 2193 160 2234 verba
180 2191 431 2248 conscripsit
447 2190 474 2232 ⁷.
507 2190 571 2232 Sit
594 2190 662 2233 ille
679 2189 800 2231 Jesus
831 2189 965 2237 Nave,
987 2189 1057 2245 qui
1081 2187 1247 2245 subegit
1265 2187 1391 2243 quin-

37 2277 117 2318 que
139 2277 255 2319 reges
270 2295 280 2310 ,
306 2270 346 2303 et
363 2261 615 2302 Gabaonitas
635 2260 674 2301 in
693 2261 951 2302 deditionem
972 2259 1134 2316 accepit
1151 2259 1161 2279 ⁸
1185 2275 1195 2306 3
1219 2265 1265 2299 ut
1282 2264 1390 2299 esset

39 2340 160 2388 typus
181 2340 405 2373 venturum
428 2330 518 2385 ejus
542 2329 722 2371 nominis
750 2330 910 2377 virum,
941 2328 1063 2385 cujus
1087 2327 1264 2384 imperio
1294 2341 1391 2368 cor-

39 2403 201 2458 porales
218 2416 363 2444 omnes
381 2401 538 2443 deliciae
556 2401 841 2448 vincerentur,
862 2406 1211 2442 converterentur
1228 2404 1390 2454 gentes;

89 2525 97 2539 ¹
128 2517 207 2548 Psal.
233 2528 277 2555 xi,
295 2529 377 2559 7.-
394 2526 405 2540 ²
429 2515 548 2553 Maith,
567 2525 639 2549 xxv,
657 2526 706 2546 20.
722 2533 760 2538 --
774 2515 788 2538 ³
806 2526 818 2544 2
834 2515 911 2546 Cor.
934 2521 982 2553 lv,
997 2524 1028 2554 7.
1047 2529 1087 2535 -
1107 2513 1117 2534 ⁴
1135 2511 1214 2543 Luc.
1239 2520 1273 2548 x,
1291 2509 1342 2540 35.
1357 2526 1398 2533 —

47 2568 58 2588 ⁵
81 2570 195 2602 Maub.
218 2582 268 2604 xx.
293 2571 339 2609 14.
358 2588 394 2595 -κ
411 2571 425 2592 ⁶
444 2570 519 2601 Luc.
535 2580 601 2605 xix,
621 2579 668 2609 ¹7·
685 2588 725 2593 -—
744 2575 755 2598 7
779 2569 873 2600 Dent.
904 2578 934 2604 v,
953 2570 983 2603 5,
996 2572 1027 2599 et
1044 2575 1131 2608 srqq.
1153 2582 1194 2588 —
1209 2566 1221 2586 ⁸
1242 2563 1354 2596 Josufi.
1370 2571 1405 2603 ι,

53 2633 100 2662 12,
120 2629 152 2656 et
172 2634 262 2667 seqq.
