1768 3283
366 308 450 356 402
922 320 951 346 s.
993 319 1183 346 AMBROSII

365 397 496 453 »quid
528 395 861 453 experimentum
895 395 985 451 ejus
1017 395 1223 451 qumrifis,
1259 395 1327 451 qui
1360 395 1401 437 in
1434 410 1501 438 me
1530 396 1717 453 loquitur

363 488 377 505 n
397 466 660 514 Christus¹,·»
677 466 773 506 alibi
806 466 860 506 ait
882 480 890 505 z
914 466 1054 506 «Puto
1088 466 1199 506 enim
1229 474 1271 506 et
1296 479 1372 521 ego
1405 465 1607 521 Spiritum
1638 465 1718 507 Dei

364 557 380 578 »
394 539 530 579 habeo
543 537 574 578 ².
595 556 609 575 »
624 535 914 592 Inseparabilis
931 551 1029 592 ergo
1043 544 1105 576 est
1123 535 1274 582 unitas,
1297 535 1392 591 quia
1410 536 1482 577 ubi
1500 536 1717 585 autPater‚

367 617 438 650 aut
465 607 681 658 Christus,
709 613 778 647 aut
802 604 1002 662 Spiritus,
1031 604 1247 661 Scriptura
1277 604 1552 655 testificante,
1582 606 1721 663 signa·

365 687 460 726 tur3
485 678 542 719 ibi
565 676 701 718 omnis
724 676 944 733 plenitudo
966 683 1029 716 est
1051 675 1281 718 Trinitatis.

424 747 528 790 LVI.
558 747 641 788 Sed
657 754 699 788 et
717 746 802 803 ipse
820 746 967 787 Petrus
986 745 1027 786 in
1044 760 1110 793 eo,
1127 746 1240 801 quod
1262 746 1574 803 proposuimus,
1589 760 1727 788 exem-

365 820 434 876 plo
457 817 659 875 praemisit
683 816 887 873 Spiritum
914 823 1108 857 sanctum
1135 849 1144 864 ‚
1167 824 1207 857 et
1225 823 1370 873 postea
1395 816 1499 858 dixit
1525 815 1729 873 Spiritum

370 888 570 936 Domini3
600 887 658 929 sic
680 887 792 928 enim
815 886 944 928 habes
967 901 1009 927 τα
1032 886 1219 935 Anania,
1245 902 1320 928 cur
1345 886 1534 944 implevit
1556 885 1730 929 Satanas

365 974 469 1002 »cor
498 967 620 1000 tuum
655 959 706 999 ad
737 958 1028 999 mentiendum
1058 957 1234 1014 Spiritui
1259 966 1431 1006 sanem,
1465 965 1512 999 ut
1538 956 1731 999 fraudem

367 1030 553 1071 »faceres
576 1030 627 1070 de
649 1028 783 1085 pretio
811 1027 927 1085 agri?
954 1028 1014 1069 Ita
1037 1043 1177 1069 nonno
1200 1043 1377 1069 manens
1400 1027 1477 1069 tibi
1498 1027 1730 1075 manebat,

367 1118 382 1139 n
396 1108 438 1141 et
460 1100 654 1141 venditus
673 1098 803 1139 intua
820 1107 909 1140 crat
927 1099 1162 1155 pot-estate?
1185 1098 1328 1149 Quare
1349 1097 1525 1155 posuisti
1542 1097 1585 1138 in
1603 1098 1731 1139 corde

371 1190 386 1210 2>
402 1180 472 1213 tuo
496 1171 578 1211 hoc
596 1168 765 1211 scelus?
788 1168 880 1211 Non
904 1183 947 1210 es
972 1168 1215 1210 hominibus
1237 1168 1439 1210 mentitus
1454 1200 1464 1217 ‚
1480 1169 1555 1210 secl
1575 1167 1677 1210 Deo.
1707 1185 1723 1207 n

368 1241 420 1282 Et
438 1240 583 1282 subter
599 1241 650 1281 ad
667 1238 758 1296 ejus
778 1253 951 1280 uxorem
972 1238 1028 1279 ait
1050 1254 1057 1279 :
1076 1255 1091 1276 <a
1111 1237 1225 1290 Quid
1244 1237 1387 1294 utique
1403 1237 1602 1280 convenit
1616 1235 1734 1279 vobis

369 1320 566 1354 »tentare
587 1310 790 1368 Spiritum
814 1308 1008 1351 Domini³
1027 1308 1070 1349 P»

431 1380 555 1423 LVII.
603 1380 793 1422 Primum
840 1378 1111 1435 intelligimus
1156 1378 1253 1434 quia
1291 1377 1497 1435 Spiritum
1543 1385 1736 1419 sanctum

338 1490 342 1492 ,
373 1451 579 1509 Spiritum
601 1451 771 1493 Domini
799 1450 915 1493 dixit.
943 1450 1108 1492 Deinde
1131 1463 1228 1491 curn
1252 1449 1504 1506 praemiserit
1535 1448 1738 1506 Spiritum

373 1528 591 1570 sanctum,
613 1529 656 1563 et
677 1519 885 1562 addiderit
911 1535 919 1561 :
938 1537 953 1559 a
979 1519 1072 1562 Non
1092 1535 1135 1561 es
1154 1519 1397 1561 hominibus
1417 1518 1620 1561 mentitus
1634 1551 1644 1566 ‚
1665 1518 1740 1561 sed

373 1609 390 1631 »
404 1592 518 1640 Deo3
540 1610 554 1631 >³
569 1606 739 1633 necesse
760 1598 823 1632 est
845 1591 886 1632 in
909 1590 1068 1647 Spiritu
1090 1597 1236 1631 sancto
1260 1598 1332 1631 aut
1353 1589 1559 1631 unitatem
1576 1585 1738 1631 Divini-

374 1661 472 1703 tatis
510 1662 717 1719 intelligas
735 1678 746 1710 3
782 1660 982 1719 quoniam
1017 1675 1115 1702 cum
1148 1659 1329 1717 Spiritus
1366 1666 1552 1701 tentatur
1575 1691 1586 1707 ,
1626 1658 1739 1700 Deus

376 1732 534 1774 fallitur
565 1746 574 1772 ε
601 1740 673 1773 aut
705 1731 738 1773 si
773 1731 980 1772 unitatem
1003 1730 1243 1773 Divinitatis
1280 1730 1444 1772 conaris
1480 1729 1737 1777 excludere,

379 1804 614 1845 secundum
650 1801 882 1860 Scripturae
914 1801 1040 1844 verba
1075 1801 1163 1858 ipse
1195 1801 1342 1857 utique
1371 1800 1574 1858 Spiritum
1603 1799 1738 1842 Deum

380 1872 531 1915 credis.

439 1941 587 1985 LVIII.
625 1942 669 1985 Si
689 1940 802 1985 enim
828 1950 870 1985 et
888 1943 940 1984 de
960 1942 1120 2000 Spiritu
1142 1957 1386 1999 expressum
1409 1940 1680 1998 intelligimus
1700 1947 1743 1981 et

382 2013 434 2054 de
457 2013 581 2055 Patre
598 2047 607 2061 ‚
632 2013 673 2054 in
704 2014 791 2055 Deo
819 2014 964 2069 utique
985 2014 1111 2055 Patre
1137 2022 1178 2055 et
1199 2012 1358 2069 Spiritu
1386 2021 1531 2053 sancto
1558 2009 1742 2053 veritatis

380 2091 422 2125 et
451 2082 635 2124 scientiae
663 2083 922 2125 advertimus
947 2083 1181 2131 unitatem3
1207 2082 1306 2138 quia
1332 2081 1522 2123 similiter
1545 2095 1566 2122 a
1597 2085 1743 2121 sancto

382 2152 559 2209 Spiritu,
576 2153 819 2196 sicutaDeo
837 2154 959 2196 Patre
973 2153 1240 2195 mendacium
1253 2150 1595 2209 deprehenditur.
1617 2148 1745 2200 Quod

383 2222 417 2264 si
433 2230 662 2279 utrumque
680 2224 731 2264 de
750 2223 910 2280 Spiritu
932 2223 1178 2281 accipimus,
1198 2237 1274 2264 cur
1293 2223 1407 2278 quod
1422 2220 1540 2277 legis,
1559 2217 1744 2276 perfide,

383 2306 538 2348 negare
560 2292 761 2334 conaris?
789 2294 874 2335 Aut
902 2294 1027 2350 igitur
1053 2294 1257 2335 unitatem
1279 2290 1516 2334 Divinitatis
1537 2289 1671 2332 Patris
1702 2295 1746 2330 et

381 2363 476 2404 Filii
508 2371 550 2404 et
582 2362 760 2420 Spiritus
792 2365 950 2413 sancti,
988 2373 1058 2406 aut
1087 2363 1358 2406 Divinitatem
1393 2361 1529 2404 sancti
1559 2359 1742 2418 Spiritus

383 2433 600 2476 confitere.
632 2435 781 2476 Utrum
804 2435 982 2484 dixeris,
1008 2436 1050 2477 in
1075 2436 1164 2477 Deo
1195 2443 1425 2490 utrumque
1454 2432 1615 2481 dixisti3
1647 2431 1745 2489 quia

383 2512 425 2546 et
445 2504 580 2546 unitas
597 2503 868 2547 Divinitatem
887 2505 1061 2555 astruit,
1081 2513 1124 2547 et
1144 2504 1345 2547 Divinitas
1375 2502 1599 2546 unitatem.

424 2600 437 2619 1
458 2606 474 2626 2
487 2594 564 2628 Cor.
583 2605 660 2632 xm.
676 2595 709 2630 5.
723 2614 763 2620 -
782 2606 794 2621 ³
817 2596 922 2629 1Cor.
941 2607 998 2636 vn,
1014 2597 1069 2635 40.
1087 2613 1127 2620 -
1145 2597 1159 2620 ³
1176 2596 1250 2629 Aet.
1270 2606 1304 2635 v,
1322 2596 1392 2638 5—9.
