1806 3256
536 308 587 334 nn
619 307 730 340 rum,
765 307 844 333 un.
884 307 910 333 1.
1344 294 1393 336 31

50 383 241 427 audimus
271 398 322 425 ex
345 391 467 425 utero
495 383 674 432 Filium,
701 399 752 425 ox
780 384 906 425 corde
932 382 1116 425 Verbum
1135 415 1144 430 ‚
1175 385 1396 426 credamus

48 454 145 510 quia
168 468 250 495 non
273 455 498 510 plasmatus
517 453 732 501 manibus,
752 455 824 495 sed
842 468 890 494 ex
909 453 1028 495 Patre
1046 462 1166 495 natus
1188 469 1197 494 :
1224 469 1308 496 uon
1330 469 1394 495 ar-

49 521 172 564 tifieis
189 537 314 578 opus,
341 523 412 564 sed
441 523 658 579 progenies
681 531 741 563 est
763 522 957 578 parentis.

105 591 341 634 LXXXIII.
379 591 431 633 Et
462 592 553 632 ideo
574 591 645 647 qui
669 592 771 632 dicit
794 606 804 631 ε
831 608 846 629 α
863 591 941 632 Hic
964 599 1027 632 est
1052 591 1180 633 Filius
1205 607 1347 640 meus,
1372 612 1386 631 n

48 673 131 702 non
151 660 281 700 dixit:
305 659 381 700 Ilic
403 668 464 700 est
490 661 728 716 temporalis
748 677 757 707 ;
789 674 872 701 non
907 660 1008 701 dixit
1030 675 1038 700 :
1066 661 1164 702 Haec
1185 670 1246 702 est
1278 676 1398 702 crea-

48 740 139 773 tura
166 745 258 771 mea
275 762 285 777 ,
311 730 400 770 haec
426 730 583 771 factura
607 746 724 778 inea,
763 730 830 771 hic
867 745 1008 771 servus
1039 746 1186 779 mens;
1227 733 1300 773 sed
1328 732 1396 773 hic

48 801 176 843 Filius
211 815 354 847 meus,
381 814 506 854 quein
536 800 683 840 videtis
716 800 755 840 in
785 800 928 856 gloria.
957 800 1032 841 IIic
1050 800 1241 843 estDeus
1264 802 1399 842 Abra—

47 870 168 917 ham,
209 870 321 910 Deus
357 869 493 916 Isaac,
528 869 638 910 Deus
675 869 809 911 Jacob
833 902 843 916 ,
881 868 951 924 qui
988 870 1179 925 apparuit
1212 870 1254 911 in
1291 872 1398 911 rubo

47 940 203 997 Moysi,
231 939 386 995 dequo
409 939 571 995 Moyses
595 939 680 981 ait:
715 958 729 976 α
752 939 835 991 QU1
866 955 954 986 ιιεΤ,
991 940 1102 981 misit
1131 940 1238 982 me¹.
1262 960 1275 978 n
1304 941 1396 982 Nou

48 1009 171 1052 Pater
194 1010 234 1050 in
259 1010 365 1050 rubo
382 1041 392 1057 ,
417 1024 499 1050 non
530 1009 652 1051 Pater
680 1009 719 1050 in
745 1024 886 1050 eremo
908 1025 916 1050 :
943 1011 1014 1051 sed
1036 1010 1165 1051 Filius
1183 1010 1312 1066 Moysi
1342 1013 1397 1051 Io-

47 1089 169 1122 cutus
186 1088 260 1121 est.
285 1079 475 1135 Denique
495 1081 546 1121 de
573 1080 661 1136 ipso
685 1079 923 1135 Stephanus
951 1080 1052 1120 dixit
1073 1095 1081 1120 :
1110 1098 1124 1116 α
1143 1079 1217 1121 Hic
1242 1089 1304 1121 est
1327 1081 1397 1136 qni

46 1149 123 1192 fnit
150 1150 191 1191 in
215 1149 400 1191 Ecclesia
416 1182 425 1198 ,
454 1149 492 1190 in
513 1164 675 1197 eremo,
707 1164 802 1191 cnm
828 1149 985 1206 Angelo
1004 1149 1034 1191 ².
1058 1168 1073 1188 n
1106 1150 1182 1191 llic
1215 1159 1277 1191 est
1299 1166 1397 1206 ergo

46 1219 117 1276 qui
161 1220 295 1275 legem
334 1219 474 1266 dedit,
499 1219 586 1275 ipse
624 1219 693 1275 qui
730 1221 896 1260 locutus
931 1227 993 1260 est
1024 1219 1182 1275 Moysi,
1222 1219 1394 1262 dicens:

59 1307 74 1328 ι(
91 1290 178 1347 Ego
205 1305 297 1331 sum
330 1290 442 1331 Deus
480 1288 692 1331 Abraham
708 1323 718 1338 ,
740 1290 852 1330 Deus
880 1289 995 1331 Isaac
1011 1322 1021 1337 ,
1041 1289 1154 1331 Deus
1173 1289 1346 1333 Jacob3.
1371 1310 1386 1330 ι

45 1360 123 1402 Hic
143 1367 204 1401 est
226 1373 326 1417 ergo
348 1359 459 1401 Deus
481 1359 844 1411 Patriarcharum,
879 1359 945 1400 hic
979 1358 1092 1400 Deus
1119 1368 1182 1402 est
1208 1359 1394 1417 Prophe-

45 1437 199 1472 tarum.

104 1501 340 1543 LXXXIV.
378 1500 530 1542 Filium
567 1515 665 1556 crgo
699 1500 876 1556 legimus
913 1515 921 1540 :
959 1514 1076 1541 mens
1106 1509 1174 1542 tna
1217 1501 1394 1558 percipit

44 1571 292 1618 lectionem,
325 1572 420 1612 edat
452 1570 592 1626 lingua
625 1570 943 1610 consessionem.
978 1569 1107 1611 Auser
1138 1570 1235 1612 hinc
1273 1586 1394 1627 argu-

45 1650 211 1689 menta,
246 1642 317 1682 ubi
351 1640 453 1682 fides
481 1640 711 1696 quaeritur:
746 1640 787 1680 in
822 1639 917 1695 ipsis
941 1640 1168 1695 gymnasiis
1200 1641 1282 1681 suis
1309 1641 1394 1696 jam

44 1711 271 1754 Dialectica
292 1719 438 1752 taceat.
471 1711 562 1752 Non
586 1724 726 1766 qnaero
757 1709 859 1765 qnid
882 1709 1108 1764 loquantur
1130 1709 1391 1766 philosophi,

44 1782 213 1838 requiro
229 1782 330 1838 quid
353 1781 516 1822 faciant.
550 1780 635 1821 Soli
658 1780 699 1821 in
728 1779 811 1820 suis
834 1779 1058 1835 gymnasiis
1083 1790 1388 1823 remanserunt.

45 1852 152 1895 Vide
174 1867 299 1908 quam
322 1850 423 1892 fides
440 1848 695 1906 argumentis
717 1850 1024 1906 praeponderet.
1059 1849 1120 1890 Illi
1150 1850 1339 1905 quotidie
1372 1866 1391 1891 a

47 1921 129 1963 suis
159 1921 424 1963 consortibus
449 1921 717 1965 deseruntur,
749 1919 819 1974 qui
859 1919 1028 1974 copiose
1060 1919 1275 1975 disputant
1299 1919 1392 1960 :isti

47 1991 232 2048 quotidie
255 1997 478 2036 crescunt,
502 1989 571 2045 qui
600 1988 844 2044 simpliciter
867 1989 1058 2029 credunt.
1092 1988 1182 2030 Non
1209 1988 1396 2029 creditur

43 2061 323 2120 philosophis,
343 2061 529 2101 creditur
552 2059 828 2116 piscatoribus
847 2075 856 2104 ;
882 2074 964 2099 non
988 2059 1175 2099 creditur
1197 2059 1389 2099 dialecti-

47 2133 122 2180 cis,
143 2131 329 2174 creditur
345 2130 590 2187 publicanis.
619 2130 680 2170 Illi
703 2128 987 2184 voluptatibus
1006 2136 1045 2169 et
1066 2128 1224 2169 deliciis
1245 2129 1391 2170 orbem

46 2203 244 2259 ligarunt,
266 2201 329 2243 isti
354 2201 521 2257 jejuniis
545 2209 586 2241 et
608 2200 822 2241 doloribus
840 2207 1058 2240 exuerunt.
1086 2198 1229 2240 Plures
1255 2199 1394 2254 itaque

47 2271 131 2329 jam
155 2272 282 2327 coepit
305 2271 462 2312 illicere
484 2269 657 2325 injuria,
683 2284 807 2325 quam
836 2270 1039 2324 voluptas.

105 2340 318 2384 LXXXV.
358 2341 477 2383 Nunc
508 2341 721 2381 videamus
741 2354 822 2395 quo
843 2339 998 2380 distant
1027 2354 1047 2380 a
1068 2338 1291 2394 gentilibus
1313 2339 1394 2380 Ar-

49 2413 166 2455 riani.
198 2413 260 2454 Illi
283 2413 381 2453 deos
405 2413 614 2468 appellant
639 2412 823 2466 dispares
861 2425 982 2456 sexu,
1011 2409 1228 2450 dissimiles
1250 2418 1395 2465 potes-

51 2491 164 2524 tate:
200 2482 265 2523 isti
303 2482 551 2523 Trinitatem
589 2489 778 2522 asserunt
805 2479 1034 2521 differentis
1068 2478 1329 2527 Divinitatis,
1353 2487 1395 2520 et

51 2551 260 2594 dissimilis
286 2551 514 2608 potestatis.
542 2550 603 2592 Illi
623 2551 797 2591 deorum
821 2563 991 2590 snorum
1017 2548 1269 2604 principium
1287 2563 1394 2589 asse-

99 2641 227 2674 ¹Exod.
254 2653 305 2681 ιιι,
325 2642 371 2680 ιιί.
392 2660 429 2667 -
446 2650 457 2663 ²
479 2643 548 2674 Act.
571 2652 628 2681 vu,
647 2640 702 2674 38.
717 2658 756 2666 -—
773 2642 785 2663 ³
801 2640 901 2672 Exod.
921 2651 971 2678 ιιι,
993 2640 1039 2671 ι6.
