1768 3283
351 303 401 330 DE
435 299 591 329 SPIRITU
626 299 797 328 smero,
837 300 916 328 Lm.
957 300 1017 327 111.
1292 291 1371 345 39¹

26 394 116 435 esse
132 379 222 421 sine
244 378 486 436 operatione
509 378 686 436 Spiritus
706 377 854 425 sancti,
876 377 995 433 cujus
1013 377 1162 419 veritas
1179 380 1314 421 omnis
1332 380 1374 421 in

26 449 184 507 Spiritu
203 448 296 491 est?
313 450 440 500 Quod
457 457 499 490 et
514 448 736 505 Apostolus
756 448 899 489 docuit
917 448 1061 489 dicens
1084 463 1092 489 :
1111 465 1125 485 «
1143 448 1226 490 Sed
1241 449 1374 491 abluti

27 538 43 560 n
57 520 168 568 estis,
188 520 260 561 sed
282 519 668 566 sanctificati‘estis,
688 520 760 560 sed
777 517 990 573 justificati
1017 518 1113 559 estis
1136 518 1177 559 in
1205 520 1377 560 nomine

27 607 43 630 n
57 589 227 631 Domini
249 589 378 630 nostri
400 588 501 630 Jesu
514 588 683 636 Christi,
705 596 746 629 et
765 588 806 628 in
825 587 981 644 Spiritu
1004 588 1078 629 Dei
1099 588 1272 630 nostri¹.
1289 606 1305 627 7>

86 658 223 701 XXV.
260 658 384 701 Vides
411 658 537 715 igitur
558 658 653 714 quia
681 666 723 699 et
750 658 872 699 Pater
894 666 1091 714 operatur
1119 659 1160 699 in
1188 658 1311 707 Filio,
1336 668 1378 701 et

27 727 157 769 Filius
170 735 367 785 operatur
383 727 424 768 in
444 726 614 783 Spiritu.
638 728 690 768 Et
708 727 804 768 ideo
822 728 1057 768 secundum
1078 727 1226 768 seriem
1240 727 1378 784 Scrip-

30 805 219 839 turarum
250 797 335 837 noli
366 796 559 838 dubitare
589 797 631 837 in
659 795 790 852 figura
824 796 966 845 fuisse,
996 798 1110 852 quod
1134 797 1179 839 in
1206 798 1380 839 veritate

31 881 118 909 esse
139 869 226 924 ipsa
248 866 373 908 etiam
389 866 550 907 Veritas
572 865 810 907 declaravit.
832 866 936 916 Quis
960 866 1073 907 enim
1092 866 1381 922 operationem

31 935 122 992 ejus
144 936 299 978 abnuat
317 937 358 978 in
379 937 562 984 lavacro,
583 936 623 977 in
647 950 730 991 quo
753 935 1041 992 operationem
1064 935 1155 991 ejus
1178 935 1382 977 sentimus

33 1013 75 1047 et
95 1005 302 1062 gratiam?

92 1075 248 1118 XXVI.
285 1074 389 1118 Nam
422 1075 531 1117 sicut
562 1074 797 1117 sanctificat
818 1075 963 1123 Pater,
992 1075 1046 1116 ita
1079 1073 1317 1117 sanctificat
1344 1083 1387 1116 et

34 1144 181 1191 Filius,
212 1145 448 1187 sanctificat
477 1154 518 1187 et
550 1145 729 1202 Spiritus
759 1154 940 1186 sanctus.
974 1143 1219 1187 Sanctificat
1247 1144 1385 1191 Pater,

37 1215 268 1257 secundum
287 1216 400 1270 quod
418 1215 619 1271 scriptum
641 1223 703 1256 est
725 1230 733 1256 ε
752 1233 766 1253 «
783 1215 894 1256 Deus
918 1214 1031 1271 pacis
1049 1212 1283 1255 sanctificet
1299 1227 1388 1261 vos,

37 1302 53 1323 »
66 1292 113 1326 ut
131 1283 290 1340 integer
308 1284 475 1340 spiritus
491 1292 643 1333 vester,
663 1293 704 1325 et
723 1285 858 1325 anima
874 1293 920 1325 *et
939 1298 1090 1340 corpus
1105 1283 1192 1324 sine
1211 1283 1390 1338 quaerela

37 1353 109 1395 »in
143 1354 210 1395 dio
239 1354 408 1396 Domini
441 1353 571 1395 nostri
600 1353 701 1395 Jesu
737 1353 891 1395 Christi
923 1351 1152 1394 servetur².
1177 1370 1190 1389 ι,
1213 1351 1266 1392 Et
1289 1351 1386 1392 alibi

37 1424 167 1466 Filius
191 1425 293 1466 dicit
311 1440 319 1466 ε
337 1444 351 1464 (ι
369 1425 507 1474 Pater,
532 1423 747 1466 sanctifica
773 1440 843 1466 oos
866 1424 907 1465 in
927 1421 1133 1465 veritate³.
1154 1440 1169 1461 n

27 1533 31 1538 ,
95 1495 273 1539 XXVII.
310 1497 370 1539 De
401 1496 506 1538 Filio
539 1504 679 1537 autem
711 1496 823 1537 idem
855 1494 1080 1551 Apostolus
1120 1492 1221 1534 dixit
1245 1506 1287 1533 t«
1307 1492 1390 1543 Qui

41 1566 204 1608 »sactus
232 1574 295 1608 est
318 1566 439 1607 nobis
467 1566 667 1622 sapientia
691 1581 710 1606 a
738 1566 841 1613 Deo,
869 1573 911 1606 et
936 1564 1112 1620 justitia,
1139 1572 1180 1604 et
1206 1561 1395 1604 sanctifi-

43 1655 58 1677 »
72 1637 196 1684 catio,
215 1644 257 1678 et
273 1635 506 1692 redemptio
520 1636 548 1677 Δ.
571 1635 724 1678 »Vides
744 1635 838 1691 quia
854 1635 987 1676 sactus
1005 1642 1066 1675 est
1084 1631 1393 1674 sanctificatio?

43 1704 128 1747 Sed
148 1704 282 1747 sactus
303 1714 364 1747 est
385 1705 530 1753 nobis;
562 1720 646 1746 non
672 1712 718 1746 ut
741 1705 808 1746 ille
840 1712 1024 1745 mutaret
1046 1703 1160 1758 quod
1181 1709 1298 1749 erat,
1323 1701 1396 1742 sed

44 1783 91 1816 ut
112 1789 187 1816 nos
215 1774 495 1816 sanctificaret
517 1774 558 1815 in
581 1789 721 1816 carne.

102 1844 300 1889 XXVIII.
338 1845 540 1901 Spiritum
563 1859 730 1901 quoque
757 1852 948 1884 sanctum
973 1841 1237 1883 sanctificare
1260 1841 1397 1898 Apos-

48 1916 156 1957 tolus
183 1915 318 1957 docet.
347 1914 415 1956 Sic
439 1914 551 1956 enim
578 1914 681 1955 dicit
701 1929 709 1954 :
728 1932 742 1952 a
761 1913 925 1955 Gratias
949 1927 1069 1968 agere
1089 1912 1291 1953 debemus
1310 1912 1399 1952 Deo

47 1999 241 2041 »semper
270 1999 345 2041 pro
378 1984 520 2033 vobis,
556 1983 704 2025 fratres
738 1982 995 2025 dilectissimi
1019 1997 1039 2023 a
1062 1982 1272 2028 Domino,
1303 1981 1398 2037 quia

48 2054 203 2110 »elegit
233 2068 305 2095 vos
330 2053 442 2095 Deus
465 2053 668 2109 primitias
691 2053 732 2094 in
760 2053 934 2094 salutem
951 2084 962 2100 ,
994 2051 1036 2092 in
1070 2049 1400 2092 sanctificatione

50 2143 66 2164 ι)
80 2123 274 2180 Spiritus,
292 2133 334 2166 et
351 2123 433 2165 fide
451 2123 674 2166 veritatis⁵.
694 2141 709 2162 η

108 2193 275 2236 XXIX.
313 2194 422 2250 Ergo
461 2192 696 2235 sanctificat
731 2192 854 2234 Pater
871 2224 879 2239 ‚
920 2190 1154 2232 sanctificat
1182 2199 1223 2232 et
1252 2189 1399 2239 Filius,

54 2262 287 2305 sanctificat
314 2272 355 2305 et
383 2263 562 2320 Spiritus
596 2271 764 2304 sanctus
786 2277 794 2303 ε
818 2261 890 2303 sed
919 2276 1001 2302 una
1025 2270 1087 2302 est
1109 2258 1399 2308 sanctificatio,

54 2332 150 2390 quia
171 2348 302 2374 unum
324 2342 385 2374 est
407 2333 630 2389 baptisma,
654 2341 696 2374 et
717 2347 799 2373 una
821 2332 951 2388 gratia
975 2329 1263 2373 sacramentiss.

100 2430 113 2446 ¹
131 2433 143 2454 1
164 2423 241 2455 Cur.
259 2434 306 2462 vr,
327 2434 430 2456 11.-—
448 2432 459 2446 ²
480 2435 491 2454 1
513 2424 624 2455 Thess.
642 2435 672 2459 v,
693 2424 743 2455 25.
763 2440 801 2446 -—
823 2425 835 2446 3
854 2423 952 2454 Joan.
986 2433 1064 2458 xvir,
1088 2433 1138 2463 17.
1156 2439 1195 2445 —
1216 2422 1229 2448 ⁴
1251 2430 1261 2451 ι
1283 2419 1360 2451 Cor.
1382 2420 1404 2457 i,

57 2477 110 2510 30.
128 2494 168 2500 —
187 2478 200 2500 ⁵
217 2487 232 2508 2
251 2476 362 2510 Thess.
381 2487 415 2513 ιι,
435 2488 482 2509 12.
501 2496 540 2501 --
555 2479 568 2499 ⁶
586 2476 702 2519 Ephes.
716 2487 758 2515 iv,
779 2478 807 2508 5.
