1768 3283
271 302 322 330 DE
355 303 519 332 INCARN.
557 306 697 334 DOMIN.
737 307 1026 342 SACRAMENTO,
1061 315 1140 342 LIB.
1178 316 1203 343 1.
1332 307 1415 362 471

75 388 142 424 tus
163 396 332 425 carnem
355 398 471 424 suam
490 416 500 430 ,
525 384 590 425 vel
612 384 789 426 animam
810 387 1038 442 perfectam
1060 406 1315 450 sensumque
1338 395 1418 438 ho-

74 457 198 500 minis
237 471 322 498 non
357 453 539 509 potuerit
572 454 805 511 gubernare
820 489 829 503 ,
872 459 941 514 qui
977 460 1101 502 etiam
1140 461 1257 504 illum
1294 465 1418 508 asinae

73 530 265 586 pullum,
302 541 426 582 quem
459 533 554 566 ante
589 540 714 567 nemo
742 528 927 570 sederat¹
949 562 958 577 ‚
992 532 1252 587 gubernavit.
1281 551 1297 572 a
1332 535 1415 587 Qui

73 599 304 656 »plantavit
320 611 485 643 aurem,
505 611 588 637 non
616 596 779 639 audiet²
796 597 839 639 Ρ»
854 600 938 650 Qui
961 602 1062 645 alios
1083 605 1276 660 regebat,
1296 621 1339 648 se
1356 621 1418 648 re-

73 687 171 728 gere
192 672 279 726 ipse
305 684 388 711 non
418 666 613 724 poterat?
643 666 725 718 Qui
755 679 928 724 peccata
959 673 1165 723 donabat,
1196 685 1421 732 peccatum

72 743 159 799 ipse
197 739 410 783 faciebat?
441 737 646 779 Desinant
681 737 857 780 nimium
891 742 1061 785 solliciti
1094 744 1190 793 isti,
1222 755 1423 804 tanquam

70 812 286 870 paedagogi
311 810 492 856 Christi,
518 808 649 849 vereri
677 823 728 849 ne
750 810 875 852 etiam
901 812 942 853 in
964 814 1052 870 ipso
1079 817 1422 874 concupiscentia

69 884 205 925 carnis
233 884 367 940 legem
391 882 542 924 mentis
573 881 878 938 oppresserit³,
908 899 998 940 quae
1028 900 1112 927 non
1140 888 1345 943 oppressit
1376 888 1418 930 in

68 953 197 995 Paulo
215 986 225 1001 ,
255 954 327 995 sed
349 952 644 994 tantummodo
669 954 931 1009 repugnavit.
960 954 1129 998 Athleta
1154 956 1304 1000 Christi
1330 958 1418 1000 vic-

69 1023 196 1065 torias
217 1023 368 1065 mentis
392 1032 586 1064 numerat
609 1039 692 1064 suae
720 1039 731 1064 ι
755 1023 796 1064 hi
829 1024 1042 1079 trepidant
1066 1041 1119 1068 ne
1142 1042 1239 1069 caro
1262 1028 1421 1070 tituba-

67 1093 172 1135 verit
196 1093 236 1134 in
258 1092 439 1134 Domino
456 1125 464 1139 ,
484 1108 575 1148 quae
593 1093 691 1135 vicit
714 1094 754 1135 in
778 1094 978 1136 servulo?

62 1160 64 1165 ’
125 1163 262 1206 LXX.
299 1163 391 1206 Non
416 1165 501 1206 vult
526 1179 601 1219 pro
625 1180 668 1206 se
688 1164 837 1206 timere
864 1180 938 1207 nos
979 1165 1197 1215 Christus,
1222 1182 1307 1209 non
1330 1168 1420 1211 vult

66 1249 143 1290 pro
166 1249 256 1276 sere
277 1234 379 1276 flere
402 1249 477 1275 nos
503 1234 721 1276 Dominus.
760 1236 953 1291 Denique
986 1236 1087 1278 dicit
1113 1251 1156 1277 t«
1177 1237 1290 1279 Filiae
1318 1238 1419 1281 Hie-

65 1322 81 1342 »
95 1305 274 1346 rusalem
292 1337 302 1352 ‚
322 1304 450 1346 nolite
472 1319 539 1346 me
561 1304 663 1346 flere
676 1337 685 1351 ,
706 1320 776 1346 vos
794 1305 902 1361 ipsas
920 1306 1019 1348 flete
1032 1306 1045 1328 ⁶
1059 1339 1070 1355 ,
1086 1325 1101 1346 n
1116 1307 1167 1348 Et
1183 1307 1269 1350 istis
1288 1308 1414 1351 dicit:

66 1373 201 1416 Nolite
224 1374 326 1416 mihi
350 1383 523 1421 temere,
547 1376 664 1417 vobis
688 1375 843 1418 timete.
876 1375 939 1418 An
961 1392 1045 1419 non
1074 1377 1245 1420 audistis
1272 1379 1415 1421 dicen·

64 1452 148 1486 tem
168 1445 301 1487 David
319 1461 329 1486 ε
345 1463 359 1483 «
376 1445 581 1487 Dominus
600 1446 849 1488 illuminatio
866 1462 956 1490 mea
975 1457 1016 1490 et
1033 1449 1142 1490 salus
1158 1463 1268 1496 mea,
1288 1464 1415 1505 quem

60 1533 76 1554 n
90 1516 276 1557 timebo?
299 1515 503 1557 Dominus
531 1517 725 1559 defensor
749 1518 841 1559 vitae
859 1534 978 1567 meze,
1007 1535 1028 1560 a
1047 1533 1129 1574 quo
1147 1518 1417 1575 trepidabo⁵i³

60 1595 101 1628 et
123 1586 218 1628 alibi
250 1602 292 1627 2«
317 1586 407 1628 Non
435 1586 591 1628 timebo
616 1588 715 1643 quid
732 1587 856 1630 saciat
871 1589 973 1630 mihi
990 1586 1142 1630 homo⁶
1159 1604 1171 1636 3
1191 1606 1207 1626 ι
1222 1596 1263 1630 et
1281 1588 1375 1630 alibi
1397 1604 1409 1631 τ

69 1657 178 1700 «Non
202 1657 360 1698 timebo
383 1657 481 1711 qnid
505 1656 628 1699 saciat
650 1657 752 1699 mihi
777 1658 915 1700 caro'.
938 1678 952 1697 n

113 1727 269 1770 LXXI.
301 1726 412 1768 Dicit
430 1742 527 1784 ergo
551 1743 560 1769 z
585 1727 670 1784 Ego
688 1729 850 1784 lapsum
867 1737 1026 1771 naturae
1044 1728 1240 1770 humanae
1257 1727 1410 1770 timere

56 1797 197 1853 potui,
231 1813 356 1853 quem
389 1797 517 1838 homo
545 1797 632 1853 ipse
665 1813 749 1839 non
779 1798 919 1840 timuit
949 1815 958 1840 :
988 1799 1100 1841 Deus
1139 1797 1267 1854 igitur
1311 1806 1407 1840 ante

57 1883 225 1911 carnem
242 1902 252 1917 ‚
274 1868 392 1910 Deus
417 1868 458 1910 in
491 1883 617 1910 carne
636 1901 646 1916 ,
678 1868 979 1924 perfectionem
1010 1878 1170 1911 naturae
1206 1868 1410 1926 assumpsi

55 1940 270 1981 humanae:
286 1939 448 1995 suscepi
461 1954 627 1981 sensum
640 1939 837 1988 hominis,
853 1941 925 1981 sed
947 1954 1031 1982 non
1052 1954 1143 1981 sum
1165 1954 1292 1981 sensu
1313 1953 1410 1981 car-

53 2010 116 2052 nis
134 2010 316 2052 inflatus.
340 2010 472 2052 Sensu
493 2009 674 2052 hominis
694 2010 876 2051 animam
897 2024 1032 2051 meam
1051 2009 1135 2052 dixi
1154 2024 1244 2051 esse
1264 2009 1409 2051 turba·

53 2089 138 2124 tam
166 2096 175 2122 :
200 2096 324 2122 sensu
347 2080 528 2121 hominis
550 2079 704 2121 esurivi
735 2094 744 2120 :
776 2094 899 2121 sensu
928 2079 1113 2122 hominis
1142 2078 1309 2135 rogavi,
1337 2078 1408 2134 qui

52 2160 245 2206 rogantes
268 2150 465 2192 exaudire
487 2150 685 2191 consuevi
709 2164 717 2189 :
743 2165 866 2191 sensu
893 2149 1076 2191 hominis
1094 2148 1277 2207 profeci,
1297 2148 1407 2190 sicut

53 2220 254 2276 scriptum
277 2225 340 2261 est
362 2235 371 2260 :
390 2237 405 2257 «
427 2219 479 2261 Et
498 2221 614 2261 Jesus
638 2218 891 2275 proficiebat
919 2227 1043 2261 aetate
1072 2227 1114 2261 et
1139 2217 1338 2275 sapientia
1367 2227 1410 2260 et

52 2308 67 2329 »
81 2289 209 2347 gratia
233 2290 343 2344 apud
362 2289 498 2330 Deum
524 2297 565 2331 et
586 2288 816 2330 homines⁸.
837 2307 852 2328 »

107 2357 281 2400 LXXII.
321 2358 545 2409 Quomodo
565 2358 815 2415 proficiebat
833 2358 1046 2414 Sapientia
1063 2357 1140 2399 Dei
1156 2356 1175 2399 P
1191 2356 1350 2399 Doceat
1366 2364 1408 2398 te

49 2430 153 2471 ordo
170 2429 410 2471 verborum.
429 2429 648 2471 Profectus
670 2438 733 2471 est
755 2429 886 2471 aetatis
904 2462 914 2476 ‚
939 2437 980 2470 et
1008 2428 1223 2485 profectus
1245 2426 1429 2483 sapien-e

48 2500 115 2542 tiae
132 2534 142 2549 ‚
176 2500 250 2541 sed
272 2499 468 2542 humanae
489 2508 563 2542 est.
592 2501 693 2542 Ideo
711 2508 876 2541 aetatem
902 2507 998 2540 ante
1015 2497 1218 2555 praemisit
1233 2529 1245 2545 ,
1267 2505 1315 2538 ut
1338 2511 1403 2538 se·

96 2608 103 2622 ¹
127 2601 204 2631 Luc.
221 2611 263 2635 ix,
279 2599 329 2632 30.
343 2619 383 2624 —
401 2609 411 2622 ²
431 2600 512 2632 Psal.
529 2612 624 2638 xciii,
640 2613 669 2640 9.
689 2620 728 2624 —
751 2602 764 2623 ³
792 2601 885 2631 Rom.
902 2612 960 2638 vu,
979 2600 1032 2631 25.
1056 2617 1095 2623 ·—-
1117 2601 1128 2624 ⁴
1145 2599 1223 2631 Luc.
1241 2609 1334 2633 xxiii,
1351 2597 1403 2629 28.

49 2656 61 2675 ⁵
87 2653 166 2686 Psal.
186 2664 272 2691 xxvi,
294 2665 321 2686 1.
343 2654 478 2686 -61d.
499 2664 600 2693 cxvii,
615 2656 645 2686 6.
663 2672 703 2679 —
723 2661 734 2681 ⁷
754 2654 804 2686 Id.
824 2665 874 2691 zv,
895 2655 977 2686 5.—
996 2656 1009 2676 ⁸
1035 2654 1113 2686 Luc.
1134 2664 1169 2692 n,
1189 2654 1240 2685 52.
