1768 3283
258 267 308 295 ΒΕ
342 266 508 295 INGARN.
545 265 686 295 noum.
723 266 1015 302 sacnamnwro,
1049 266 1128 295 mn.
1170 268 1196 295 ι.
1325 254 1407 310 475

64 347 265 406 scriptum
288 362 372 389 non
396 345 480 389 sit?
506 346 652 389 Nonne
677 345 751 403 ipsi
774 346 852 388 sibi
873 347 1145 389 adversantur
1160 378 1172 396 ,
1194 355 1235 389 et
1261 356 1410 390 aucto-

60 421 226 463 ritatem
247 420 464 462 calumniae
483 434 566 460 succ
590 419 790 475 derogant
809 417 826 458 Ξ)

117 491 312 533 LXXXI.
354 491 510 531 Dicunt
540 489 695 530 etenim
724 503 808 529 non
844 503 932 529 esse
962 488 1166 543 scriptum
1204 487 1281 529 Dei
1314 502 1408 529 esse

61 561 334 603 substantiam
355 569 476 615 atquc
496 568 712 606 naturam3
733 573 828 599 cum
851 559 995 613 utique
1012 558 1164 599 Filium
1185 558 1259 599 Dci
1278 557 1411 599 Patris

60 646 151 672 esse
179 630 444 686 splendorem
471 628 613 685 gloriae
631 661 639 676 ‚
673 636 713 669 et
741 628 1028 670 characterem
1056 627 1297 669 substantiae
1320 626 1411 683 ejus

59 700 279 756 Scriptura
313 699 509 742 testetnr¹
530 732 539 746 ‚
560 708 601 740 et
626 699 778 739 multos
798 699 898 740 alios
921 700 971 741 de
990 699 1126 740 divina
1151 698 1300 740 dixisse
1321 697 1416 738 sub-

59 770 208 811 stantia
233 769 273 810 in
293 769 371 811 alio
393 769 500 809 libro
525 768 762 825 plenissime
789 767 1140 810 ostenderimus2.

118 840 336 882 LXXXII,
374 840 573 882 Naturam
596 853 764 894 quoque
786 838 979 879 Divinam
1003 839 1095 894 quis
1119 839 1289 887 abnuat;
1313 853 1409 880 cum

56 910 204 969 Petrus
236 911 447 967 apostolus
481 910 522 950 in
546 909 727 965 Epistola
754 924 825 949 sua
858 909 1091 965 scripserit,
1123 910 1165 951 id
1195 917 1410 966 operatam

60 979 233 1022 Domini
264 979 595 1021 misericordiam
627 994 703 1036 per
737 978 972 1035 passionem
1012 979 1148 1020 crucis
1168 1010 1179 1027 ,
1219 987 1266 1020 ut
1300 993 1404 1025 nos,

58 1049 217 1106 inquit,
236 1049 391 1091 faceret
408 1050 555 1091 divinae
579 1057 794 1091 consortes
812 1048 1032 1090 naturae³9
1056 1048 1139 1091 Sed
1162 1049 1287 1090 etiam
1310 1048 1408 1089 alibi

56 1120 210 1162 Paulus
234 1120 400 1177 scripsit
429 1136 469 1160 z«
495 1119 577 1161 Sed
599 1128 700 1161 tunc
724 1119 894 1175 quidem
929 1120 1137 1175 ignoratos
1164 1121 1321 1167 Deum,
1348 1118 1413 1160 his

56 1190 159 1246 »qui
181 1198 328 1231 natura
348 1205 431 1230 non
457 1199 552 1231 sunt
574 1190 650 1237 dii,
675 1189 856 1231 servistis
876 1188 906 1232 ³.
930 1191 990 1231 Ita
1011 1190 1121 1231 enim
1146 1198 1187 1231 et
1211 1189 1250 1230 in
1271 1188 1416 1246 graecis

57 1261 274 1302 codicibus
310 1261 567 1309 invenimus,
601 1275 780 1316 quorum
818 1261 955 1317 potior
981 1260 1208 1302 auctoritas
1243 1269 1318 1302 est.

114 1329 353 1372 LXXXIII.
383 1330 495 1381 Quid
519 1330 644 1386 igitur
669 1339 822 1387 agunt,
845 1330 914 1386 qui
939 1338 1093 1386 negant
1115 1337 1307 1371 naturam
1326 1344 1416 1370 esse

61 1399 244 1441 divinam
264 1433 274 1448 ,
305 1401 380 1442 nisi
409 1410 456 1442 ut
476 1401 559 1456 jam
589 1416 670 1443 non
691 1402 825 1442 solum
848 1401 951 1442 Filio
974 1401 1288 1443 calumnientur
1303 1433 1313 1449 ,
1340 1401 1413 1442 sed

62 1468 188 1509 etiam
206 1469 350 1511 Patri?
379 1470 420 1511 Si
446 1471 557 1511 enim
578 1480 754 1528 negatur
776 1479 924 1512 natura
951 1471 1064 1511 Deus
1086 1486 1176 1513 esse
1193 1503 1204 1518 ,
1223 1485 1321 1527 ergo
1343 1484 1418 1526 per

62 1539 236 1594 gratiam
269 1549 353 1588 est,
388 1550 433 1582 ut
467 1541 657 1582 homines
689 1557 698 1582 :
731 1550 802 1582 aut
838 1549 953 1582 certe
986 1542 1088 1582 salso
1122 1541 1332 1588 creditur,
1373 1548 1419 1582 ut

63 1608 294 1656 daemones,
323 1625 502 1665 quorum
526 1611 749 1652 simulacra
780 1610 853 1652 Dei
882 1611 1162 1667 appellatione
1185 1612 1411 1652 donantur.

69 1676 149 1718 Sed
183 1679 454 1734 apostolicam
487 1680 782 1722 auctoritatem
816 1694 1064 1735 sequamur,
1090 1688 1135 1721 ut
1172 1679 1359 1721 dicamus
1381 1679 1422 1720 in

61 1747 295 1789 simulacris
329 1758 520 1791 naturam
545 1766 629 1791 non
668 1765 758 1791 esse
783 1749 982 1791 divinam.
1010 1749 1053 1791 Si
1075 1764 1175 1807 crgo
1197 1750 1238 1791 in
1262 1749 1426 1791 simula-

63 1818 143 1859 cris
162 1834 247 1860 non
265 1828 342 1867 est,
368 1835 452 1861 non
476 1829 538 1863 est
558 1820 600 1861 in
618 1819 855 1862 daemoniis⁵
882 1828 1101 1876 :superest
1119 1827 1166 1861 ut
1188 1820 1229 1861 in
1252 1820 1340 1862 Deo
1362 1820 1421 1861 di-

61 1888 156 1930 vina
180 1890 232 1945 sit
248 1900 396 1932 natura
416 1900 538 1948 atque
561 1892 808 1933 substantia.

119 1959 353 2003 LXXXIV.
392 1963 621 2003 Docuimus
647 1963 773 2019 igitur
792 1961 1016 2018 apostolica
1037 1961 1288 2004 auctoritate
1305 1970 1422 2003 recte

64 2030 115 2071 de
129 2030 346 2083 DeokPatre
361 2033 440 2073 dici
455 2034 568 2089 quod
582 2041 728 2075 natura
745 2033 797 2074 sit
813 2032 941 2080 Deus;
961 2032 1294 2089 accipiantnunc
1307 2034 1421 2089 quod

65 2099 215 2142 eadem
242 2101 317 2143 Dei
346 2103 478 2144 Patris
502 2104 553 2144 sit
584 2112 731 2144 natura
765 2118 856 2158 quae
877 2102 971 2144 Filii
994 2110 1083 2149 est,
1123 2103 1268 2144 eadem
1300 2103 1352 2144 sit
1380 2112 1422 2144 et

64 2170 242 2228 Spiritus
261 2173 418 2221 sancti,
444 2189 497 2215 ne
519 2173 625 2215 forte
648 2174 794 2215 itidem
819 2172 960 2215 dicant
987 2187 996 2213 ε
1025 2172 1226 2215 Naturam
1251 2174 1421 2229 quidem

62 2243 239 2300 legimus
262 2259 350 2285 esse
378 2244 560 2286 divinam
578 2278 588 2292 ‚
613 2253 771 2286 naturae
796 2252 933 2285 autem
960 2243 1109 2284 divinae
1136 2258 1220 2284 non
1242 2244 1422 2299 legimus

63 2313 280 2355 unitatem.
316 2314 398 2356 Sed
431 2329 528 2356 cum
559 2315 647 2372 ipse
685 2315 816 2355 Filius
850 2313 1001 2356 dixerit
1036 2328 1085 2352 :a
1116 2313 1203 2370 Ego
1235 2321 1278 2354 et
1306 2314 1427 2355 Pater

63 2398 224 2424 »unum
247 2383 465 2432 sumus⁰;»
480 2385 685 2427 unitatem
708 2383 946 2426 Divinitatis
978 2383 1187 2439 probavit.
1224 2383 1332 2423 Cum
1362 2383 1424 2423 di-

62 2452 171 2494 xerit
205 2469 247 2494 :«
278 2453 430 2495 Omnia
459 2470 550 2510 quae
581 2455 702 2497 Pater
724 2454 873 2502 habet,
899 2468 992 2494 mea
1020 2451 1257 2501 sunt732et
1279 2450 1383 2494 infra
1410 2467 1420 2495 ε

110 2564 118 2576 ¹
139 2554 242 2585 Helm
267 2566 286 2586 1.
306 2555 379 2584 5,-
394 2565 404 2576 ²
424 2555 572 2587 Videlib.
593 2568 629 2586 ιιι
648 2555 686 2586 de
703 2554 777 2591 fide,
792 2564 858 2595 rap.
877 2554 956 2591 4.-
977 2555 988 2575 ³
1008 2565 1024 2584 2
1043 2553 1129 2585 Petr.
1151 2564 1172 2591 ι,
1190 2552 1266 2590 4.-
1282 2552 1292 2573 ⁴
1309 2552 1423 2586 Galat.

65 2619 108 2647 iv,
124 2609 206 2640 8.—
227 2612 239 2632 ⁵
260 2619 269 2639 ι
285 2608 361 2641 Cor.
382 2621 414 2641 x.
429 2627 468 2633 —
485 2612 500 2633 ⁶
515 2611 609 2642 Joan.
629 2621 661 2649 x,
676 2610 728 2641 30.
745 2627 785 2632 —
804 2614 816 2636 ⁷
837 2607 888 2640 ld.
908 2619 972 2643 xvi.
990 2609 1039 2640 15.
