1768 3283
346 296 429 338 362
906 310 936 337 s,
977 307 1167 337 Anmnosu

345 387 486 428 »niam
515 402 584 429 vas
613 387 830 430 electionis
863 395 925 428 est
958 385 1064 427 mihi
1100 384 1168 425 hic
1205 384 1256 425 ad
1286 383 1508 426 serendum
1537 399 1692 428 nomen

347 475 362 496 n
377 473 518 499 meum
541 473 680 499 coram
702 456 939 514 gentihus¹.
964 475 977 493 n

408 527 494 569 CH.
532 528 650 569 Sicut
674 542 772 583 ergo
803 527 923 567 Pater
946 526 1056 566 Deus
1080 525 1242 566 vocavit
1268 525 1516 574 Ecclesiam,
1542 525 1596 567 ita
1619 541 1693 568 vo·
1734 581 1739 584 .

344 598 453 639 cavit
475 606 515 638 et
540 597 727 638 Christus
749 605 812 638 :et
837 596 1193 652 quemadmodum
1219 594 1409 636 Christus
1432 595 1611 643 vocavit,
1638 596 1695 638 ita

349 668 512 709 vocavit
543 675 583 708 et
611 666 813 723 Spiritus,
849 665 1273 723 dioens:aSe1)ar21te
1305 665 1409 706 mihi
1445 666 1620 708 Paulum
1656 675 1698 709 ot

348 737 612 779 »Barnabam
644 737 683 776 iu
713 751 842 793 opus,
877 750 959 792 quo
993 735 1136 776 vocavi
1169 749 1252 775 eos.
1284 734 1403 775 Tune
1434 734 1695 790 jejunantes,
1742 735 1749 742 ⁹

347 826 362 847 »
378 807 528 863 inquit,
548 815 588 848 et
606 815 788 855 orantes,
813 807 1107 863 imposuerunt
1128 805 1185 845 eis
1205 819 1369 852 manus,
1391 813 1431 846 et
1450 805 1700 848 dimiserunt
1743 844 1749 851 ‚

346 892 460 918 neos.
496 876 579 932 Ipsi
610 886 747 918 aute-m
772 875 973 932 praemissi
999 875 1048 916 ab
1073 874 1230 931 Spiritu
1263 883 1406 915 sancto
1437 875 1694 916 devenerunt
1743 863 1745 866 Α

344 949 416 989 »in
441 947 711 989 Seleuciau12.
737 967 751 983 n
767 948 876 1004 Ergo
899 962 981 987 non
1006 947 1141 986 solum
1167 946 1338 993 Christi,
1365 947 1438 986 sed
1462 946 1586 987 etiam
1610 945 1700 1002 Spi-

348 1017 452 1058 ritus
481 1017 612 1057 sancti
644 1016 817 1072 imperio
853 1018 1133 1072 apostolatum
1171 1016 1322 1056 Paulus
1359 1015 1544 1072 accepit,
1578 1022 1620 1056 et
1651 1015 1703 1056 ad

349 1087 717 1143 congregationem
745 1087 933 1143 gentium
956 1086 1178 1127 festinavit.

411 1156 517 1197 CIII.
558 1155 643 1197 Nec
674 1157 786 1197 solus
812 1157 964 1198 Paulus
981 1189 989 1203 ,
1015 1157 1088 1197 sed
1111 1156 1236 1197 etiam
1264 1156 1434 1204 Petrus,
1468 1155 1575 1197 sicut
1600 1155 1704 1213 legi-

349 1242 441 1268 mus
458 1226 499 1267 in
517 1225 692 1268 Actibus
711 1226 1026 1283 Apostolorum.
1056 1225 1161 1268 Nam
1185 1240 1282 1267 cum
1306 1226 1346 1266 in
1371 1225 1560 1267 oratione
1580 1225 1703 1267 vidis-

350 1305 411 1337 set
438 1297 592 1337 coelum
622 1305 829 1352 apertum,
854 1304 895 1337 et
918 1304 1099 1352 quatuor
1122 1295 1247 1336 initiis
1269 1296 1443 1351 ligatum
1473 1309 1541 1336 vas
1565 1296 1703 1352 quod-

354 1367 474 1414 dam,
505 1375 703 1421 tanquam
725 1366 904 1407 linteum
928 1366 968 1407 in
992 1381 1074 1422 quo
1099 1374 1219 1407 erant
1249 1365 1389 1406 omnia
1420 1379 1574 1421 genera
1600 1380 1705 1421 qua-

356 1437 592 1492 drupedum
625 1445 666 1477 et
692 1436 876 1477 serarum
898 1445 939 1478 et
967 1437 1185 1477 volucrum
1220 1435 1338 1482 coeli3
1357 1452 1370 1472 α
1389 1435 1516 1476 Facta
1539 1442 1602 1476 est
1628 1449 1707 1476 vox
1735 1438 1738 1441 ’

354 1506 438 1547 »ad
468 1521 588 1548 eum:
607 1506 756 1563 Surge,
794 1507 958 1554 occide,
994 1515 1034 1547 et
1067 1507 1289 1547 manduca.
1319 1506 1371 1547 Et
1396 1505 1541 1547 Petrus
1574 1504 1702 1546 dixit:

358 1594 373 1614 »
386 1574 522 1624 Absit,
550 1577 730 1617 Domine
755 1591 762 1617 :
788 1591 1002 1632 nunquam
1027 1575 1277 1618 manducavi
1301 1589 1526 1616 commune
1554 1581 1598 1615 et
1627 1573 1708 1614 im·

354 1667 369 1684 ι)
385 1648 606 1688 mundum.
636 1647 688 1688 Et
715 1661 791 1688 vox
814 1662 958 1688 rursus
980 1648 1033 1688 ad
1055 1661 1150 1687 eum
1168 1661 1175 1686 :
1193 1646 1318 1696 Quod
1337 1645 1447 1689 Deus
1467 1643 1704 1690 mundavit,

355 1737 369 1755 υ
387 1725 430 1758 tu
452 1732 677 1758 commune
702 1732 753 1757 ne
777 1717 939 1760 dixeris.
968 1718 1058 1758 Hoc
1083 1725 1220 1757 autem
1250 1716 1408 1756 sactum
1437 1722 1499 1755 est
1526 1727 1603 1770 per
1625 1721 1704 1760 ter,

356 1796 426 1828 »et
453 1795 671 1843 receptum
700 1796 762 1828 est
783 1802 852 1827 vas
875 1787 916 1828 in
940 1785 1135 1828 ‹2021qu
1157 1806 1171 1823 ι)
1188 1786 1296 1841 Ergo
1330 1798 1426 1825 cum
1456 1783 1538 1824 hoe
1562 1796 1707 1824 secum

358 1858 506 1898 Petrus
527 1857 679 1897 tacitus
700 1857 918 1913 cogitaret,
944 1865 984 1897 et
1003 1856 1210 1896 venissent
1231 1853 1283 1895 ad
1304 1868 1400 1895 eum
1422 1851 1606 1894 Cornelii
1627 1865 1710 1892 ser-

361 1926 444 1968 vuli
468 1926 518 1967 ab
542 1925 704 1982 Angelo
723 1925 931 1975 destinati,
955 1925 1010 1967 ait
1030 1925 1089 1966 illi
1105 1924 1282 1981 Spiritus
1303 1939 1312 1965 t
1332 1941 1346 1961 α
1363 1923 1474 1965 Ecce
1496 1919 1572 1962 viri
1593 1933 1710 1976 quae-

356 2019 370 2036 »
388 2006 485 2039 runt
503 2006 569 2045 te3
595 2013 718 2054 surge
742 1998 899 2053 itaque,
922 2006 963 2038 et
988 1997 1212 2044 descende,
1238 2004 1279 2037 et
1301 1995 1406 2037 vade
1430 2006 1526 2034 cum
1545 1990 1603 2033 eis
1625 2005 1635 2032 ε
1656 2005 1710 2033 ne

358 2087 372 2106 »
388 2067 577 2115 dubitem
604 2068 802 2123 quoniam
826 2082 903 2124 ego
927 2067 1019 2108 misi
1043 2066 1135 2107 illos
1151 2064 1182 2106 Δ.
1205 2083 1220 2103 »
1750 2059 1752 2061 ’

421 2137 525 2180 CIV.
567 2138 703 2188 Quam
726 2137 943 2178 evidenter
972 2136 1173 2193 expressit
1200 2148 1319 2175 suam
1341 2131 1520 2189 Spiritus
1544 2137 1712 2172 sanctus

360 2207 638 2264 potestatem!
667 2206 805 2248 Primo
833 2206 1023 2247 omnium
1057 2204 1151 2260 quia
1188 2203 1383 2260 aspiravit
1414 2199 1570 2248 orantI,
1598 2198 1715 2240 affuit

365 2276 605 2333 deprecanti
630 2276 809 2317 :deindo
846 2275 1042 2331 quoniam
1079 2282 1250 2315 vocatus
1287 2273 1435 2313 Petrus
1478 2266 1708 2325 respondit,

373 2367 386 2383 υ
404 2348 598 2395 Domine,
620 2366 632 2383 n
648 2355 689 2388 et
721 2347 813 2387 ideo
841 2347 1076 2386 secundum
1108 2343 1342 2384 evidentius
1374 2341 1527 2382 meruit
1559 2353 1712 2380 oracu-

363 2419 468 2465 lum,
495 2417 591 2473 quia
614 2419 828 2459 confessus
847 2425 909 2457 est
936 2415 1175 2457 Dominum.
1210 2414 1292 2455 Sed
1324 2413 1415 2470 quis
1445 2412 1519 2453 iste
1549 2409 1600 2451 sit
1625 2408 1714 2450 Do-

351 2488 485 2528 minus
504 2486 721 2544 Scriptura
747 2488 954 2534 dectaram
977 2485 1249 2542 respondenti
1268 2485 1400 2532 enim,
1425 2483 1457 2524 is
1477 2481 1624 2536 utique
1641 2476 1711 2520 cui

405 2594 413 2611 ¹
434 2588 506 2620 Act.
524 2600 566 2628 ux,
589 2589 636 2621 15.
657 2607 690 2612 —
714 2598 724 2613 ¹
743 2588 795 2620 Id.
812 2599 884 2625 xm,
902 2599 931 2624 2,
944 2592 975 2619 et
991 2596 1081 2629 scqq.
1100 2605 1138 2609 —
1155 2588 1168 2609 3
1186 2585 1237 2617 Id.
1262 2597 1293 2626 x,
1315 2596 1326 2616 1
1339 2595 1366 2624 ι,
1384 2588 1415 2616 et
1429 2592 1520 2624 seqq.
1535 2598 1571 2605 -
1593 2580 1606 2606 ⁴
1621 2575 1712 2610 Ibid-

367 2653 415 2683 19,
437 2652 488 2674 20.

1111 2708 1125 2723 ἱ
