1806 3256
381 267 458 309 190
918 266 950 294 S.
990 266 1179 295 AMBROSH

376 343 473 385 fidei
495 344 748 386 vindemiam
786 344 910 386 tantis
945 345 1084 387 adhue
1121 345 1452 403 supessueutibus
1475 345 1720 404 disputatio·
1764 343 1793 391 i

377 415 501 457 nibus
525 415 667 457 decuit
693 415 938 472 derelinqui.

437 486 524 528 Vll.
565 485 723 536 Quinto
755 485 879 541 igitur
910 486 1018 528 libro
1049 488 1100 527 de
1130 485 1260 528 Patris
1286 501 1332 528 ac
1361 486 1453 529 Filii
1477 495 1518 528 et
1547 486 1725 544 Spiritus
1765 482 1768 515 ἶ

380 557 511 600 saneti
544 555 809 613 inseparabili
838 555 1062 597 Divinitate
1096 555 1350 612 digerimus,
1375 566 1630 613 sequestrata
1665 558 1726 599 iti·
1766 553 1768 575 ³

381 628 502 668 terim
526 625 713 685 pleniore
739 625 1018 681 disputatione
1041 626 1091 667 de
1121 625 1278 682 Spiritu
1308 635 1479 675 sancto,
1515 626 1729 682 provocati
1768 640 1769 649 ³

379 696 621 753 magisterio
649 694 897 752 evangelicae
921 694 1111 736 lectionis
1127 712 1136 741 ;
1155 704 1201 737 ut
1225 696 1380 738 credita
1405 696 1524 737 nobis
1547 696 1732 752 quinque
1768 711 1771 737 ε

384 767 480 809 fidei
504 766 703 813 talenta¹,
727 766 843 822 quasi
869 767 1048 821 quadam
1079 765 1228 807 horum
1260 767 1445 823 quinque
1471 776 1581 808 sorte
1610 768 1734 809 libro·
1770 780 1773 801 2

382 853 498 885 rum,
520 837 712 878 humanis
738 837 985 877 soeuerenius
1015 835 1259 884 affectibus3
1287 852 1338 877 ne
1367 838 1475 878 sorte
1493 852 1589 878 cum
1608 853 1736 879 vene·
1770 834 1773 866 3

1767 561 1799 770 gan-*arga-
1766 499 1797 552 ⁴1..-
1805 430 1806 433 „

383 908 436 949 rit
458 907 683 954 Dominus,
709 915 750 947 et
773 906 975 946 invenerit
1001 905 1041 946 in
1067 914 1174 946 terra
1201 907 1488 949 absconditam
1515 907 1735 963 pecuniam
1772 906 1775 950 ζ

386 993 526 1025 suam,
559 978 669 1018 dicat
702 976 835 1017 mihi:
868 993 883 1014 «
911 974 1037 1016 Serve
1072 975 1181 1017 male
1214 984 1255 1016 et
1294 976 1424 1033 piger,
1450 977 1610 1018 sciebas
1641 976 1738 1032 quia
1773 974 1775 1009 ἶ

388 1056 554 1094 »meto,
589 1047 659 1087 ubi
693 1061 776 1086 non
812 1046 996 1092 samium
1032 1053 1074 1086 et
1103 1060 1339 1102 congrego,
1369 1047 1440 1087 ubi
1465 1061 1548 1086 non
1577 1047 1738 1103 sparsi:
1774 1066 1777 1108 ξ

390 1117 602 1175 »oportuit
620 1131 718 1171 ergo
741 1125 778 1157 tc
807 1115 1071 1157 committere
1096 1115 1315 1171 pecuniam
1342 1131 1478 1156 meam
1507 1117 1752 1156 nummula:
1774 1134 1777 1146 =

389 1207 403 1227 n
421 1189 512 1235 riis3
540 1195 585 1227 ut
609 1185 776 1227 veniens
800 1201 876 1241 ego
908 1184 1159 1240 recepissem
1187 1186 1297 1241 quod
1323 1200 1461 1226 meum
1491 1183 1577 1226 est²
1603 1198 1612 1225 :
1634 1203 1648 1223 »
1673 1193 1743 1227 aut
1774 1190 1778 1227 ’ἑ

390 1258 748 1315 quemadmodum
774 1257 813 1297 in
834 1257 912 1298 alio
936 1257 1043 1298 libro
1068 1265 1129 1297 est
1149 1271 1157 1297 :
1176 1274 1190 1293 α
1209 1256 1374 1312 Etego,
1397 1256 1549 1313 iuquit,
1575 1256 1742 1298 veniens

390 1343 515 1370 »cum
542 1327 676 1368 usuris
698 1327 840 1382 utique
859 1327 1084 1383 exegissem
1111 1325 1261 1367 illam³.
1292 1344 1304 1363 η

449 1397 561 1439 Vlll.
597 1397 701 1438 Date
730 1412 827 1453 ergo
857 1397 1018 1437 veniam
1039 1431 1047 1444 ‚
1082 1397 1113 1437 si
1145 1411 1247 1452 quos
1280 1396 1512 1452 prolixioris
1540 1396 1741 1452 hujusee-
1779 1431 1781 1453 i

391 1469 505 1511 modi
528 1468 730 1510 sermonis
749 1467 922 1509 offendit
941 1468 1130 1509 audacia.
1153 1466 1290 1509 Officii
1309 1468 1607 1525 contemplatio
1630 1467 1741 1524 cogit
1778 1463 1791 1501 '³³

393 1541 566 1582 credere
589 1540 702 1594 quod
734 1538 1000 1594 accepimus:
1034 1556 1047 1576 α
1068 1538 1381 1594 Dispensatores
1413 1553 1555 1578 sumus
1584 1545 1739 1592 myste-

395 1612 582 1652 »riorum
607 1608 882 1649 coelestium
912 1627 926 1647 »
949 1607 1123 1648 Minislri
1149 1622 1316 1654 sumus,
1340 1622 1423 1647 non
1447 1622 1496 1648 ex
1518 1621 1636 1662 :equo
1658 1621 1743 1647 om·
1781 1615 1783 1625 ¹

396 1696 497 1723 nes:
525 1698 538 1717 «
558 1679 639 1720 Sed
676 1678 922 1734 uuicuique,
953 1677 1113 1732 inquit,
1143 1676 1251 1718 sieut
1282 1677 1486 1717 Dominus
1506 1676 1632 1717 dedit.
1658 1675 1744 1731 Ego
1781 1668 1784 1687 ³

397 1772 411 1792 »
427 1751 630 1808 plantavi,
670 1750 819 1806 Apollo
857 1748 1035 1805 rigavit:
1067 1750 1139 1789 sed
1176 1748 1287 1789 Deus
1324 1748 1630 1789 incrementum
1673 1748 1746 1788 ‹le—

396 1821 529 1863 »dit⁵.
558 1840 572 1859 »
598 1819 888 1874 Unusquisque
913 1819 1036 1875 igitur
1059 1818 1242 1859 enitatur
1272 1825 1317 1858 ut
1349 1819 1588 1860 mercedem
1618 1817 1747 1875 possit
1784 1835 1787 1877 j

399 1891 590 1946 accipere
617 1889 848 1930 secuudum
879 1903 999 1929 suum
1023 1888 1239 1935 laborem;
1269 1887 1382 1928 «Dei
1418 1887 1529 1928 enim
1579 1902 1743 1935 sumus,

398 1969 475 2001 »ut
501 1960 726 2016 Apostolus
750 1958 873 2006 dixit,
904 1957 1161 2014 cooperarii,
1194 1957 1269 1998 Dei
1298 1958 1463 1998 cultura
1482 1990 1490 2005 ‚
1515 1957 1591 1999 Dei
1621 1955 1748 1999 aedifi-
1785 1974 1788 1999 2

399 2029 580 2072 »eatio⁶.
606 2030 794 2071 »Beatus
826 2028 965 2084 itaque
998 2027 1066 2068 ille
1095 2029 1165 2084 qui
1209 2028 1307 2068 iales
1332 2027 1500 2069 soenoris
1532 2027 1594 2069 sui
1613 2026 1747 2068 cernit
1787 2032 1789 2080 ξ

399 2115 576 2142 usuras:
603 2100 750 2140 beatus
783 2107 825 2140 et
856 2098 925 2139 ille
966 2097 1036 2154 qui
1076 2097 1237 2138 fruetus
1267 2096 1329 2138 sui
1361 2096 1497 2153 operis
1525 2097 1742 2138 intuetur:
1786 2092 1789 2098 ¹

415 2171 600 2213 «Beatus
636 2183 803 2224 quoque
831 2167 902 2224 qui
931 2165 1237 2224 superaedificat
1268 2181 1389 2222 supra
1425 2166 1746 2208 fundamentum

403 2238 530 2280 »fidei
555 2253 724 2285 aurum,
754 2245 971 2294 argeutum
988 2268 998 2284 ,
1018 2235 1175 2292 lapides
1198 2234 1441 2291 pretiosos⁷.
1471 2254 1486 2274 n

459 2307 531 2350 IX.
571 2306 652 2349 Vos
675 2306 794 2348 nobis
816 2305 912 2347 estis
927 2305 1092 2353 omnia,
1116 2305 1186 2360 qui
1207 2305 1295 2346 haee
1320 2305 1470 2347 auditis
1488 2313 1558 2346 aut
1580 2303 1714 2361 legitis
1734 2318 1743 2345 :
1788 2301 1806 2347 ‘³2'

402 2394 473 2421 vos
498 2377 760 2420 foeneratoris
786 2391 944 2424 usurae;
965 2375 1079 2417 ven-bi
1104 2390 1240 2417 usurae
1258 2408 1268 2424 ,
1305 2391 1389 2417 non
1425 2376 1614 2433 pecuniae
1636 2390 1645 2416 ε
1675 2389 1748 2417 vos
1790 2388 1806 2419 1

405 2448 594 2505 agricolae
630 2448 819 2489 redditus
847 2461 857 2488 ι
896 2460 967 2488 vos
1000 2444 1265 2487 aedificatoris
1303 2461 1478 2494 aurum,
1504 2453 1744 2503 argentum,
1790 2448 1806 2491 ἶ.

386 2538 394 2601 ι’
450 2558 458 2573 ¹
480 2550 600 2582 Mauh.
617 2560 690 2586 xxv,
711 2551 815 2583 15.-
832 2560 844 2574 ⁸
867 2548 953 2581 Ibid.
975 2548 1028 2586 26,
1045 2558 1094 2590 ²7.
1113 2566 1152 2571 -
1168 2547 1181 2569 3
1195 2548 1272 2581 Luc.
1288 2559 1355 2586 xix,
1370 2549 1421 2582 23.
1439 2551 1508 2576 -4
1530 2560 1542 2579 ι
1561 2548 1636 2580 Cor.
1657 2557 1700 2585 ιν,
1719 2557 1745 2579 1.
1791 2543 1794 2599 ἶ

404 2622 443 2628 --
463 2604 611 2640 ⁵1d.1n.
637 2605 665 2638 5,
679 2604 712 2636 6.
727 2623 767 2628 -—
783 2605 796 2625 6
814 2603 899 2636 lbid.
918 2616 949 2646 9.
969 2620 1008 2627 —-
1027 2601 1142 2633 71bid.
1166 2612 1216 2634 12.
