1768 3283
344 334 426 380 5οὒ
842 336 1173 373 AtsxoTA'rtoNES.

341 423 464 477 fidoi,
503 419 575 469 sed
606 426 655 467 de
702 423 873 481 epistola
901 423 978 464 hoc
1005 424 1098 463 loco
1131 420 1257 475 loqui.
1296 419 1420 470 Quod
1453 428 1549 460 vero
1577 411 1686 459 idem

341 498 547 541 Eusebius
566 494 787 538 Ambrosio
803 493 956 534 dicitur
973 491 1247 534 Arrianorum
1271 497 1436 536 auctor,
1452 488 1532 529 hoc
1545 490 1688 529 sancto

344 569 431 609 viro
456 583 539 609 non
564 574 626 607 est
654 564 886 619 singulare;
922 560 1172 604 Athanasius
1191 558 1303 600 enim
1330 558 1479 615 passim
1494 557 1690 599 Arrianos

344 630 1088 689 Eusebianorumuominesignificat.
1116 629 1307 671 Socrates
1344 642 1510 684 quoque
1551 627 1621 667 lib.
1650 641 1688 673 1,

345 722 435 763 cap.
472 721 534 754 v1‚
569 706 620 746 de
647 703 793 746 litteris
830 700 1054 744 Alexandri
1080 697 1350 742 Alexandrini
1380 696 1506 754 episc.
1544 711 1690 752 agens,

348 776 574 817 Eusebium
619 789 700 815 non
737 782 821 814 tam
865 771 973 813 Arrii
1011 769 1244 812 doctrinam
1281 767 1536 815 defendisse,
1568 779 1690 821 quam]

346 862 462 888 suam
496 845 622 903 ipsius
658 858 888 902 propagare
928 842 1107 884 voluisse
1130 840 1285 898 scripto
1306 837 1501 896 prodidit.

707 1019 949 1047 ANNOTATIO
986 1003 1075 1059 (ι8)
1113 1018 1204 1060 pag.
1248 1003 1340 1051 142.

413 1155 685 1213 Manuscripti
705 1155 877 1211 aliquot,
900 1156 1153 1212 interpretes
1177 1153 1344 1194 alicubi
1366 1153 1702 1208 omnipotentem

357 1227 631 1283 interpretati
651 1235 764 1266 sum.
787 1225 838 1265 Et
861 1239 959 1266 sane
983 1238 1083 1265 cum
1106 1223 1352 1266 Ambrosius
1374 1238 1426 1264 ex
1445 1237 1547 1264 voce
1568 1223 1704 1263 omui-

351 1309 499 1355 potens
518 1303 860 1352 argumentetur,
887 1294 974 1335 sine
996 1293 1213 1351 dispendio
1232 1308 1376 1334 sensus
1400 1293 1488 1335 aliae
1506 1293 1704 1348 interpre-

356 1367 533 1408 tationes
559 1365 693 1406 omitti
730 1373 912 1421 possent.
952 1363 1110 1405 Ver-um
1147 1378 1243 1404 cum
1276 1363 1512 1404 habeantur
1545 1362 1584 1403 in
1619 1361 1704 1402 aliis

357 1438 448 1478 cod.
479 1451 604 1477 manu
629 1435 806 1476 exaratis
823 1467 831 1481 ‚
856 1448 934 1476 nec
958 1449 1041 1475 non
1066 1435 1106 1475 in
1128 1433 1249 1475 editis
1272 1432 1467 1475 omnibus
1483 1465 1492 1481 ,
1517 1432 1709 1489 rejicien-

360 1508 430 1547 das
453 1505 552 1546 alias
575 1505 678 1546 duas
699 1519 783 1545 non
808 1503 1059 1560 putavimus.
1090 1503 1270 1544 Primam
1289 1517 1368 1558 qua
1385 1501 1564 1543 sabaoth
1587 1516 1708 1557 expo-

361 1577 473 1618 nitur
494 1577 715 1616 virlutum
752 1575 836 1615 sive
873 1575 1172 1621 exercituum,
1206 1573 1393 1629 agnoscit
1426 1572 1706 1629 Epiphanius,

360 1646 483 1687 Jloer.
519 1644 596 1692 26,
621 1651 661 1684 et
695 1652 847 1700 praetcr
878 1642 978 1684 alios
1007 1643 1148 1684 Patres
1176 1641 1429 1699 Offigenem,
1461 1641 1708 1697 Gregorium

362 1714 554 1757 Nazianz.
591 1712 900 1769 Augustinum‚
936 1721 1037 1759 etc.‚
1075 1712 1348 1768 llieroymus,
1388 1711 1506 1769 epist.
1542 1711 1634 1763 156,
1661 1711 1711 1751 ad

363 1784 632 1826 Marcellam:
658 1782 767 1823 sicut
794 1790 835 1823 et
864 1782 1055 1822 eamdem
1089 1782 1212 1823 simul
1249 1790 1374 1838 atque
1406 1782 1569 1823 tertiam
1587 1811 1599 1829 ,
1633 1795 1711 1836 qua

366 1852 524 1893 sciticet
560 1859 793 1892 memorata
842 1850 971 1891 dictio
1019 1850 1131 1891 idem
1169 1858 1290 1891 sonat
1333 1865 1379 1892 ac
1419 1851 1708 1906 omnipotens,

367 1921 485 1977 epist.
519 1922 595 1971 142
617 1953 626 1967 ,
657 1919 920 1976 comprobat.
961 1920 1088 1970 Quod
1113 1927 1253 1961 autem
1283 1919 1351 1961 illa
1377 1919 1464 1976 ipsa
1487 1933 1569 1962 vox
1589 1919 1713 1960 otiam

366 2004 443 2046 pro
469 2004 567 2045 rege
588 1989 694 2030 sumi
717 1989 889 2037 dicitur,
916 1989 998 2030 hoc
1024 2004 1106 2030 non
1132 1989 1363 2046 reperimus
1386 1988 1554 2031 alterius
1578 1987 1716 2043 cujus-

370 2073 495 2114 quam
519 2057 731 2100 firmatum
757 2058 966 2115 suss'ragio.

729 2227 970 2256 ANNo'rA'rxo
1006 2211 1096 2269 (¹9)
1130 2226 1222 2269 pag,
1267 2211 1359 2263 154.

437 2366 558 2407 llunc
589 2365 868 2423 significatum
895 2366 1089 2407 dictionis
1112 2366 1260 2407 Amen
1284 2365 1408 2408 tradit
1434 2365 1558 2408 etiam
1581 2365 1724 2407 Hiero-

378 2448 546 2491 nymus,
578 2435 698 2492 epist.
741 2436 844 2486 154,
881 2450 972 2490 quae
1001 2445 1063 2476 est
1096 2436 1155 2476 ad
1187 2435 1510 2491 Soplzronium,
1548 2444 1589 2477 et
1625 2435 1721 2491 157,

378 2518 470 2559 quae
493 2504 551 2544 ad
578 2505 847 2546 Marcellam.
878 2505 925 2545 In
948 2505 1026 2546 illis
1055 2514 1193 2547 autem
1222 2507 1319 2548 alias
1343 2507 1443 2548 duas
1461 2505 1724 2562 acceptiones

378 2573 517 2622 addit,
553 2575 748 2617 nimirum
775 2574 847 2616 uhi
876 2576 1129 2632 quandoque
1147 2591 1221 2634 pro
1247 2575 1350 2632 fiat,
1378 2577 1630 2633 quandoque
1653 2590 1726 2632 pro

377 2652 475 2683 vere
503 2655 574 2684 seu
601 2657 755 2686 verum
789 2653 870 2693 est,
907 2644 1086 2701 ponitur.
1130 2644 1306 2688 Easdem
1331 2645 1520 2688 similiter
1548 2645 1725 2688 admittit
