1768 3283
378 290 427 316 ΒΕ
461 287 617 315 spuu'ru
651 286 827 319 smero,
863 287 939 313 mn.
978 288 1020 314 11.
1297 275 1379 333 369

37 367 201 409 Patrem
236 364 424 409 noverit,
458 378 581 420 quem
610 362 743 416 (sicut
772 362 973 418 scriptum
1004 364 1089 419 est)
1125 364 1215 420 quis
1245 374 1385 422 potest

39 452 158 479 nosse
190 436 266 477 nisi
297 435 460 476 Filius?
489 434 573 475 Sed
604 441 645 474 et
670 432 846 489 Spiritus
873 442 1042 475 sauctus
1072 435 1232 476 novit¹.
1271 438 1384 488 Quid

39 506 170 562 ergo?
192 507 298 546 Cum
323 505 476 546 dicitur
498 503 742 544 universitas
765 511 1075 552 creaturarum,
1100 518 1183 546 non
1208 504 1386 562 Spiritus

40 585 205 618 sanctus
229 574 617 631 comprehenditur.

99 644 268 688 CXXV.
298 645 419 687 Nunc
437 645 559 686 velim
579 643 884 700 respondeant,
906 644 1006 698 quid
1028 652 1089 686 est
1114 645 1156 686 in
1183 644 1354 687 homine
1371 677 1383 695 ,

41 716 154 771 quod
185 723 412 771 cognoscat
442 729 533 768 quae
563 721 660 754 sunt
686 712 897 753 hominis?
934 713 1083 769 [tique
1114 714 1387 764 rationabile,

40 785 152 840 quod
181 783 342 825 caeteris
370 783 516 823 animae
539 782 762 822 virtutibus
781 781 1086 837 supereminet,
1112 791 1152 823 et
1181 798 1263 838 quo
1283 799 1393 839 prae-

42 852 163 908 cipua
187 860 335 892 natura
353 850 534 892 hominis
557 850 797 891 aestimatur.
823 850 936 900 Quid
957 859 1019 891 est
1044 850 1169 906 igitur
1187 851 1365 907 Spiritus
1380 883 1391 900 ,

41 921 111 977 qui
132 922 212 962 alta
232 920 309 962 Dei
332 920 466 971 novit,
489 935 563 976 per
582 934 707 975 quem
731 919 841 960 Deus
865 918 1131 975 omnipotens
1153 920 1395 962 revelatur?

43 990 257 1047 Numquid
281 989 542 1046 plenitudine
556 988 792 1031 Divinitatis
811 987 983 1029 inferior
1004 996 1086 1036 est,
1112 989 1181 1044 qui
1202 988 1393 1045 ejusdem

44 1076 140 1104 cum
170 1061 292 1102 Patre
316 1059 558 1101 substantiae
585 1059 711 1100 etiam
735 1058 814 1099 hoc
837 1059 1028 1114 exemplo
1053 1059 1288 1115 probatur?
1309 1059 1395 1102 Aut

45 1130 203 1186 aliquid
226 1129 414 1185 ignorat,
441 1129 511 1184 qui
535 1128 650 1170 novit
673 1127 843 1169 consilia
873 1127 974 1175 Dei,
1002 1135 1044 1168 et
1074 1128 1272 1184 mysteria
1305 1129 1397 1185 ejus

45 1199 94 1240 ab
127 1198 246 1240 initio
283 1198 559 1240 abscondita?
582 1197 694 1248 Quid
727 1205 789 1239 est
816 1198 931 1252 quod
963 1197 1147 1246 nesciat,
1180 1198 1251 1253 qui
1282 1198 1400 1240 novit

45 1267 183 1310 omnia
205 1282 297 1324 quae
318 1267 394 1309 Dei
417 1267 572 1309 sunt?«
591 1266 770 1324 Spiritus
793 1267 905 1308 enim
929 1267 1055 1309 etiam
1079 1268 1159 1310 alta
1185 1267 1262 1310 Dei
1284 1282 1400 1310 scru-

45 1356 61 1378 ι»
78 1336 230 1380 tatur².
249 1356 264 1375 n

105 1406 294 1450 CXXVI.
334 1407 394 1448 Ac
433 1422 485 1448 ne
516 1414 640 1463 putes
680 1407 794 1462 quod
831 1415 1045 1449 scrutetur
1076 1406 1286 1463 incognita
1309 1439 1320 1455 ,
1353 1414 1396 1448 et

48 1478 141 1520 ideo
165 1485 400 1525 scrutetur,
435 1485 480 1518 ut
507 1477 639 1518 discat
667 1477 707 1518 id
733 1479 847 1533 quod
870 1478 1058 1534 ignoret3
1085 1486 1179 1519 ante
1200 1476 1401 1534 praemisit

49 1548 143 1604 quia
165 1547 361 1589 revelavit
383 1546 504 1587 nobis
532 1546 644 1588 Deus
675 1561 750 1602 per
782 1546 983 1603 Spiritum
1015 1562 1137 1588 suum
1167 1564 1176 1587 z
1201 1547 1324 1588 simul
1352 1555 1400 1589 ut

50 1619 230 1659 disceres
249 1618 343 1673 quia
367 1618 480 1659 novit
504 1617 684 1673 Spiritus
701 1632 792 1672 quae
808 1617 928 1658 nobis
947 1633 1022 1674 per
1041 1618 1177 1674 ipsum
1196 1617 1398 1674 Spiritum

50 1688 304 1736 revelantur,
325 1687 364 1727 in
382 1686 682 1743 posterioribus
702 1686 756 1727 ait
777 1701 785 1727 :
803 1704 818 1724 «
837 1687 940 1737 Quis
957 1688 1068 1728 enim
1087 1687 1165 1729 scit
1180 1687 1400 1728 hominum

0 1775 1 1795 t
51 1770 172 1812 »quae
196 1754 376 1797 hominis
403 1764 520 1803 sunt,
544 1755 622 1797 nisi
642 1754 809 1812 spiritus
831 1756 1012 1798 hominis
1030 1757 1100 1812 qui
1125 1757 1166 1797 in
1189 1757 1278 1813 ipso
1301 1764 1363 1798 est
1388 1771 1398 1797 ε

0 1843 1 1860 ³
53 1826 139 1867 »sic
159 1834 200 1867 et
227 1841 318 1882 quae
336 1826 414 1867 Dei
435 1834 554 1873 sunt,
581 1840 705 1867 nemo
729 1827 924 1882 cognovit
941 1860 950 1874 ‚
974 1826 1054 1868 nisi
1075 1827 1252 1882 Spiritus
1274 1826 1386 1868 Dei.»

0 1922 1 1930 κ
53 1897 162 1954 Ergo
185 1896 217 1938 si
241 1896 420 1938 hominis
448 1897 615 1954 spiritus
634 1897 749 1938 novit
771 1913 862 1952 quae
879 1897 1060 1939 hominis
1083 1906 1180 1939 sunt
1196 1930 1206 1946 ‚
1232 1905 1273 1938 et
1290 1905 1402 1938 ante-

54 1983 178 2024 quam
194 1975 403 2009 scrutetur
421 1968 550 2016 novit,
575 1975 781 2024 potest·ne
794 1968 949 2024 aliquid
962 1969 1037 2010 Dei
1053 1983 1162 2017 esse,
1183 1970 1295 2024 quod
1312 1968 1404 2025 Spi—

57 2037 161 2078 ritus
177 2036 255 2079 Dei
267 2038 454 2079 nesciat?
470 2038 530 2079 De
547 2054 629 2094 quo
647 2053 730 2080 non
745 2039 877 2081 otiose
889 2039 1114 2095 Apostolus
1127 2039 1250 2080 dixit:
1268 2057 1283 2077 α
1298 2039 1403 2090 Quae

56 2107 159 2149 »Dei
181 2115 301 2155 sunt,
333 2122 457 2150 nemo
481 2109 675 2164 cognovit
705 2108 782 2149 nisi
809 2108 987 2165 Spiritus
1018 2108 1118 2157 Dei3
1149 2124 1261 2150 onon
1289 2109 1403 2164 quod

57 2179 282 2219 scrutando
318 2178 583 2235 cognoverit,
623 2179 695 2219 sed
730 2179 892 2220 noverit
927 2194 1001 2235 per
1037 2186 1229 2220 naturam
1266 2193 1275 2219 t
1315 2192 1400 2219 non

0 2212 4 2282 i
57 2248 168 2303 quod
188 2247 383 2290 accidens
403 2248 444 2289 in
461 2263 509 2290 eo
527 2249 698 2290 scientia
718 2249 975 2298 divinorum,
995 2250 1068 2291 sed
1085 2249 1268 2305 cognitio
1287 2257 1404 2291 natu—

0 2302 5 2400 j
58 2316 154 2359 rans
174 2316 239 2357 sit.

3 2519 5 2537 l

118 2385 327 2429 CXXVII.
367 2386 525 2430 Verum
548 2388 580 2430 si
601 2397 638 2429 te
660 2397 800 2430 movet
823 2388 920 2444 quia
942 2388 1068 2436 dixit,
1085 2407 1100 2426 (ι
1123 2388 1364 2437 Scrutatur;
1380 2408 1394 2428 n

61 2455 204 2512 accipe
233 2457 328 2513 quia
355 2457 396 2499 id
421 2474 587 2514 quoque
611 2460 662 2500 de
685 2459 772 2500 Deo
795 2460 999 2515 scriptum
1022 2467 1106 2507 est,
1138 2474 1186 2500 eo
1216 2461 1328 2515 quod
1354 2460 1407 2501 sit

2 2541 4 2549 ⁴
61 2534 267 2569 scrutator
296 2528 433 2570 cordis
465 2537 506 2571 et
537 2545 698 2571 renum.
728 2531 820 2587 Ipse
850 2530 962 2572 enim
994 2530 1095 2572 dixit
1131 2545 1172 2571 z«
1203 2531 1288 2587 Ego
1315 2545 1409 2573 sum

108 2623 116 2638 ¹
138 2617 255 2649 Mauh.
273 2629 319 2657 xi,
342 2629 392 2660 ²7.
411 2637 451 2644 —
468 2628 480 2642 ²
502 2630 512 2650 ι
531 2620 608 2652 Cor.
630 2631 665 2658 n,
684 2630 769 2662 7-10.

207 2688 286 2715 le.

1212 2679 1265 2726 24
