<?xml version="1.0" encoding="UTF-8"?>
<!DOCTYPE html PUBLIC "-//W3C//DTD XHTML 1.0 Transitional//EN"
    "http://www.w3.org/TR/xhtml1/DTD/xhtml1-transitional.dtd">
<html xmlns="http://www.w3.org/1999/xhtml" xml:lang="en" lang="en">
 <head>
  <title>
</title>
<meta http-equiv="Content-Type" content="text/html;charset=utf-8" />
  <meta name='ocr-system' content='tesseract 3.04.00' />
  <meta name='ocr-capabilities' content='ocr_page ocr_carea ocr_par ocr_line ocrx_word'/>
</head>
<body>
  <div class='ocr_page' id='page_1' title='image "./omniaequaeextant06ambruoft_0038.png"; bbox 0 0 1806 3256; ppageno 0'>
   <div class='ocr_carea' id='block_1_1' title="bbox 370 252 1177 292">
    <p class='ocr_par' dir='ltr' id='par_1_1' title="bbox 370 252 1177 292">
     <span class='ocr_line' id='line_1_1' title="bbox 370 252 1177 292; baseline -0.001 0"><span class='ocrx_word' id='word_1_1' title='bbox 370 252 423 292; x_wconf 77' lang='lat'><strong>28</strong></span> <span class='ocrx_word' id='word_1_2' title='bbox 914 267 946 291; x_wconf 78' lang='lat' dir='ltr'><strong>s.</strong></span> <span class='ocrx_word' id='word_1_3' title='bbox 985 265 1177 292; x_wconf 70' lang='lat' dir='ltr'>AMBROSH</span> 
     </span>
    </p>
   </div>
   <div class='ocr_carea' id='block_1_2' title="bbox 319 341 1793 1430">
    <p class='ocr_par' dir='ltr' id='par_1_2' title="bbox 366 341 1793 608">
     <span class='ocr_line' id='line_1_2' title="bbox 366 341 1792 400; baseline 0 -17"><span class='ocrx_word' id='word_1_4' title='bbox 366 343 546 400; x_wconf 92' lang='lat' dir='ltr'><strong>Impium</strong></span> <span class='ocrx_word' id='word_1_5' title='bbox 572 352 634 384; x_wconf 86' lang='lat' dir='ltr'><strong>est</strong></span> <span class='ocrx_word' id='word_1_6' title='bbox 661 343 814 384; x_wconf 77' lang='lat' dir='ltr'><strong>dicere.</strong></span> <span class='ocrx_word' id='word_1_7' title='bbox 843 343 951 399; x_wconf 85' lang='lat' dir='ltr'><strong>Ergo</strong></span> <span class='ocrx_word' id='word_1_8' title='bbox 983 351 1054 384; x_wconf 80' lang='lat' dir='ltr'><strong>ant</strong></span> <span class='ocrx_word' id='word_1_9' title='bbox 1081 341 1280 388; x_wconf 85' lang='lat' dir='ltr'><strong>desinite,</strong></span> <span class='ocrx_word' id='word_1_10' title='bbox 1306 356 1396 398; x_wconf 80' lang='lat' dir='ltr'><strong>quac</strong></span> <span class='ocrx_word' id='word_1_11' title='bbox 1429 348 1714 384; x_wconf 81' lang='lat' dir='ltr'><strong>creaturarum</strong></span> <span class='ocrx_word' id='word_1_12' title='bbox 1789 394 1792 400; x_wconf 23' lang='grc' dir='ltr'><strong>Δ</strong></span> 
     </span>
     <span class='ocr_line' id='line_1_3' title="bbox 366 411 1793 469; baseline 0 -16"><span class='ocrx_word' id='word_1_13' title='bbox 366 420 480 460; x_wconf 75' lang='lat' dir='ltr'><strong>sunt,</strong></span> <span class='ocrx_word' id='word_1_14' title='bbox 502 420 643 469; x_wconf 84' lang='lat' dir='ltr'><strong>aptare</strong></span> <span class='ocrx_word' id='word_1_15' title='bbox 665 413 879 454; x_wconf 84' lang='lat' dir='ltr'><strong>Divinitati</strong></span> <span class='ocrx_word' id='word_1_16' title='bbox 903 428 911 453; x_wconf 76' lang='grc' dir='ltr'>ε</span> <span class='ocrx_word' id='word_1_17' title='bbox 933 421 1003 453; x_wconf 80' lang='lat' dir='ltr'><strong>aut</strong></span> <span class='ocrx_word' id='word_1_18' title='bbox 1021 412 1051 453; x_wconf 88' lang='lat' dir='ltr'><strong>si</strong></span> <span class='ocrx_word' id='word_1_19' title='bbox 1075 427 1317 468; x_wconf 85' lang='lat' dir='ltr'><strong>comparare</strong></span> <span class='ocrx_word' id='word_1_20' title='bbox 1335 411 1603 459; x_wconf 73' lang='lat' dir='ltr'><strong>contenditis,</strong></span> <span class='ocrx_word' id='word_1_21' title='bbox 1624 426 1719 453; x_wconf 88' lang='lat' dir='ltr'><strong>con·</strong></span> <span class='ocrx_word' id='word_1_22' title='bbox 1790 458 1793 463; x_wconf 53' lang='grc'>,</span> 
     </span>
     <span class='ocr_line' id='line_1_4' title="bbox 366 469 1793 539; baseline 0 -16"><span class='ocrx_word' id='word_1_23' title='bbox 366 482 544 524; x_wconf 84' lang='lat' dir='ltr'><strong>siderate</strong></span> <span class='ocrx_word' id='word_1_24' title='bbox 565 498 646 538; x_wconf 90' lang='lat' dir='ltr'><strong>quo</strong></span> <span class='ocrx_word' id='word_1_25' title='bbox 670 490 802 523; x_wconf 79' lang='lat' dir='ltr'><strong>vestra</strong></span> <span class='ocrx_word' id='word_1_26' title='bbox 825 485 1025 539; x_wconf 81' lang='lat' dir='ltr'><strong>procedat</strong></span> <span class='ocrx_word' id='word_1_27' title='bbox 1055 482 1272 538; x_wconf 79' lang='lat' dir='ltr'><strong>impietas3</strong></span> <span class='ocrx_word' id='word_1_28' title='bbox 1305 483 1417 537; x_wconf 87' lang='lat' dir='ltr'><strong>quod</strong></span> <span class='ocrx_word' id='word_1_29' title='bbox 1447 480 1553 522; x_wconf 82' lang='lat' dir='ltr'><strong>absit</strong></span> <span class='ocrx_word' id='word_1_30' title='bbox 1580 489 1623 522; x_wconf 89' lang='lat' dir='ltr'><strong>ut</strong></span> <span class='ocrx_word' id='word_1_31' title='bbox 1653 482 1718 523; x_wconf 83' lang='lat' dir='ltr'><strong>vel</strong></span> <span class='ocrx_word' id='word_1_32' title='bbox 1763 469 1766 473; x_wconf 35' lang='lat'><strong>⁴</strong></span> <span class='ocrx_word' id='word_1_33' title='bbox 1790 475 1793 488; x_wconf 76' lang='lat'>&#39;</span> 
     </span>
     <span class='ocr_line' id='line_1_5' title="bbox 367 551 1173 608; baseline -0.001 -16"><span class='ocrx_word' id='word_1_34' title='bbox 367 551 408 593; x_wconf 86' lang='lat' dir='ltr'><strong>in</strong></span> <span class='ocrx_word' id='word_1_35' title='bbox 432 567 576 593; x_wconf 84' lang='lat' dir='ltr'><strong>sensus</strong></span> <span class='ocrx_word' id='word_1_36' title='bbox 595 561 758 593; x_wconf 81' lang='lat' dir='ltr'><strong>nostros</strong></span> <span class='ocrx_word' id='word_1_37' title='bbox 777 552 999 608; x_wconf 83' lang='lat' dir='ltr'><strong>aliquando</strong></span> <span class='ocrx_word' id='word_1_38' title='bbox 1024 552 1173 592; x_wconf 68' lang='lat' dir='ltr'><strong>veniat.</strong></span> 
     </span>
    </p>

    <p class='ocr_par' dir='ltr' id='par_1_3' title="bbox 319 621 1727 1430">
     <span class='ocr_line' id='line_1_6' title="bbox 422 621 1716 679; baseline 0 -17"><span class='ocrx_word' id='word_1_39' title='bbox 422 621 592 663; x_wconf 72' lang='lat' dir='ltr'><strong>LXXV.</strong></span> <span class='ocrx_word' id='word_1_40' title='bbox 634 621 716 663; x_wconf 79' lang='lat' dir='ltr'><strong>Nos</strong></span> <span class='ocrx_word' id='word_1_41' title='bbox 746 623 856 662; x_wconf 80' lang='lat' dir='ltr'><strong>enim</strong></span> <span class='ocrx_word' id='word_1_42' title='bbox 889 622 996 679; x_wconf 86' lang='lat' dir='ltr'><strong>piam</strong></span> <span class='ocrx_word' id='word_1_43' title='bbox 1022 621 1335 678; x_wconf 76' lang='lat' dir='ltr'><strong>responsionem</strong></span> <span class='ocrx_word' id='word_1_44' title='bbox 1361 629 1561 663; x_wconf 82' lang='lat' dir='ltr'><strong>tenemus.</strong></span> <span class='ocrx_word' id='word_1_45' title='bbox 1595 621 1716 663; x_wconf 73' lang='lat' dir='ltr'><strong>Nam-</strong></span> 
     </span>
     <span class='ocr_line' id='line_1_7' title="bbox 368 691 1721 748; baseline 0.001 -17"><span class='ocrx_word' id='word_1_46' title='bbox 368 705 448 746; x_wconf 86' lang='lat' dir='ltr'><strong>que</strong></span> <span class='ocrx_word' id='word_1_47' title='bbox 475 691 740 748; x_wconf 71' lang='lat' dir='ltr'><strong>omnipotens</strong></span> <span class='ocrx_word' id='word_1_48' title='bbox 773 693 883 733; x_wconf 86' lang='lat' dir='ltr'><strong>Deus</strong></span> <span class='ocrx_word' id='word_1_49' title='bbox 909 701 994 740; x_wconf 71' lang='lat' dir='ltr'><strong>ost,</strong></span> <span class='ocrx_word' id='word_1_50' title='bbox 1022 701 1062 733; x_wconf 74' lang='lat' dir='ltr'><strong>et</strong></span> <span class='ocrx_word' id='word_1_51' title='bbox 1085 693 1177 733; x_wconf 81' lang='lat' dir='ltr'><strong>ideo</strong></span> <span class='ocrx_word' id='word_1_52' title='bbox 1203 693 1316 732; x_wconf 86' lang='lat' dir='ltr'><strong>nullo</strong></span> <span class='ocrx_word' id='word_1_53' title='bbox 1341 707 1487 732; x_wconf 84' lang='lat' dir='ltr'><strong>eorum</strong></span> <span class='ocrx_word' id='word_1_54' title='bbox 1516 693 1638 733; x_wconf 80' lang='lat' dir='ltr'><strong>Pater</strong></span> <span class='ocrx_word' id='word_1_55' title='bbox 1660 691 1721 733; x_wconf 88' lang='lat' dir='ltr'><strong>in-</strong></span> 
     </span>
     <span class='ocr_line' id='line_1_8' title="bbox 369 760 1721 818; baseline 0.001 -17"><span class='ocrx_word' id='word_1_56' title='bbox 369 760 504 817; x_wconf 77' lang='lat' dir='ltr'><strong>diget,</strong></span> <span class='ocrx_word' id='word_1_57' title='bbox 536 760 606 816; x_wconf 92' lang='lat' dir='ltr'><strong>qui</strong></span> <span class='ocrx_word' id='word_1_58' title='bbox 633 776 716 802; x_wconf 85' lang='lat' dir='ltr'><strong>non</strong></span> <span class='ocrx_word' id='word_1_59' title='bbox 753 762 877 803; x_wconf 71' lang='lat' dir='ltr'><strong>hahet</strong></span> <span class='ocrx_word' id='word_1_60' title='bbox 914 763 1190 803; x_wconf 71' lang='lat' dir='ltr'><strong>mutationem</strong></span> <span class='ocrx_word' id='word_1_61' title='bbox 1215 762 1276 802; x_wconf 88' lang='lat' dir='ltr'><strong>sui</strong></span> <span class='ocrx_word' id='word_1_62' title='bbox 1308 762 1510 818; x_wconf 78' lang='lat' dir='ltr'>aliquam,</span> <span class='ocrx_word' id='word_1_63' title='bbox 1534 763 1597 802; x_wconf 85' lang='lat' dir='ltr'><strong>vel</strong></span> <span class='ocrx_word' id='word_1_64' title='bbox 1621 777 1721 818; x_wconf 82' lang='lat' dir='ltr'><strong>pro-</strong></span> 
     </span>
     <span class='ocr_line' id='line_1_9' title="bbox 367 829 1723 889; baseline 0.001 -19"><span class='ocrx_word' id='word_1_65' title='bbox 367 829 524 870; x_wconf 87' lang='lat' dir='ltr'><strong>fectum</strong></span> <span class='ocrx_word' id='word_1_66' title='bbox 542 845 624 886; x_wconf 90' lang='lat' dir='ltr'><strong>quo</strong></span> <span class='ocrx_word' id='word_1_67' title='bbox 644 845 718 871; x_wconf 88' lang='lat' dir='ltr'><strong>nos</strong></span> <span class='ocrx_word' id='word_1_68' title='bbox 739 846 910 887; x_wconf 80' lang='lat' dir='ltr'><strong>egemus</strong></span> <span class='ocrx_word' id='word_1_69' title='bbox 927 865 937 880; x_wconf 93' lang='lat'>‚</span> <span class='ocrx_word' id='word_1_70' title='bbox 962 847 1143 889; x_wconf 83' lang='lat' dir='ltr'><strong>quorum</strong></span> <span class='ocrx_word' id='word_1_71' title='bbox 1171 831 1390 872; x_wconf 71' lang='lat' dir='ltr'><strong>infirmitas</strong></span> <span class='ocrx_word' id='word_1_72' title='bbox 1404 846 1454 872; x_wconf 77' lang='lat' dir='ltr'><strong>ex</strong></span> <span class='ocrx_word' id='word_1_73' title='bbox 1472 829 1723 887; x_wconf 79' lang='lat' dir='ltr'><strong>hujusmodi</strong></span> 
     </span>
     <span class='ocr_line' id='line_1_10' title="bbox 367 898 1722 957; baseline 0.001 -18"><span class='ocrx_word' id='word_1_74' title='bbox 367 898 493 939; x_wconf 84' lang='lat' dir='ltr'><strong>rebus</strong></span> <span class='ocrx_word' id='word_1_75' title='bbox 516 898 754 955; x_wconf 72' lang='lat' dir='ltr'><strong>profectum</strong></span> <span class='ocrx_word' id='word_1_76' title='bbox 780 901 945 957; x_wconf 81' lang='lat' dir='ltr'><strong>accipit.</strong></span> <span class='ocrx_word' id='word_1_77' title='bbox 964 901 1046 953; x_wconf 88' lang='lat' dir='ltr'><strong>Qui</strong></span> <span class='ocrx_word' id='word_1_78' title='bbox 1069 910 1207 942; x_wconf 76' lang='lat' dir='ltr'><strong>autem</strong></span> <span class='ocrx_word' id='word_1_79' title='bbox 1233 900 1499 957; x_wconf 86' lang='lat' dir='ltr'><strong>omnipotens</strong></span> <span class='ocrx_word' id='word_1_80' title='bbox 1527 908 1612 949; x_wconf 88' lang='lat' dir='ltr'><strong>est,</strong></span> <span class='ocrx_word' id='word_1_81' title='bbox 1639 900 1722 940; x_wconf 91' lang='lat' dir='ltr'><strong>uti-</strong></span> 
     </span>
     <span class='ocr_line' id='line_1_11' title="bbox 372 969 1724 1027; baseline 0.003 -21"><span class='ocrx_word' id='word_1_82' title='bbox 372 982 452 1022; x_wconf 86' lang='lat' dir='ltr'><strong>que</strong></span> <span class='ocrx_word' id='word_1_83' title='bbox 475 983 558 1008; x_wconf 90' lang='lat' dir='ltr'><strong>non</strong></span> <span class='ocrx_word' id='word_1_84' title='bbox 577 978 742 1010; x_wconf 87' lang='lat' dir='ltr'><strong>creatus</strong></span> <span class='ocrx_word' id='word_1_85' title='bbox 760 978 802 1011; x_wconf 82' lang='lat' dir='ltr'><strong>ct</strong></span> <span class='ocrx_word' id='word_1_86' title='bbox 823 970 910 1011; x_wconf 88' lang='lat' dir='ltr'><strong>sine</strong></span> <span class='ocrx_word' id='word_1_87' title='bbox 933 972 1047 1019; x_wconf 91' lang='lat' dir='ltr'><strong>loco,</strong></span> <span class='ocrx_word' id='word_1_88' title='bbox 1071 979 1112 1012; x_wconf 84' lang='lat' dir='ltr'><strong>et</strong></span> <span class='ocrx_word' id='word_1_89' title='bbox 1140 986 1263 1027; x_wconf 80' lang='lat' dir='ltr'><strong>supra</strong></span> <span class='ocrx_word' id='word_1_90' title='bbox 1300 979 1489 1027; x_wconf 83' lang='lat' dir='ltr'><strong>tempora</strong></span> <span class='ocrx_word' id='word_1_91' title='bbox 1507 978 1582 1012; x_wconf 86' lang='lat' dir='ltr'><strong>est.</strong></span> <span class='ocrx_word' id='word_1_92' title='bbox 1611 969 1724 1011; x_wconf 82' lang='lat' dir='ltr'><strong>Nihil</strong></span> 
     </span>
     <span class='ocr_line' id='line_1_12' title="bbox 370 1037 1724 1098; baseline 0.001 -20"><span class='ocrx_word' id='word_1_93' title='bbox 370 1037 481 1078; x_wconf 89' lang='lat' dir='ltr'><strong>enim</strong></span> <span class='ocrx_word' id='word_1_94' title='bbox 508 1048 601 1079; x_wconf 81' lang='lat' dir='ltr'><strong>ante</strong></span> <span class='ocrx_word' id='word_1_95' title='bbox 624 1039 784 1087; x_wconf 87' lang='lat' dir='ltr'><strong>Deum,</strong></span> <span class='ocrx_word' id='word_1_96' title='bbox 822 1040 905 1081; x_wconf 91' lang='lat' dir='ltr'><strong>imo</strong></span> <span class='ocrx_word' id='word_1_97' title='bbox 932 1041 1014 1082; x_wconf 86' lang='lat' dir='ltr'><strong>hoc</strong></span> <span class='ocrx_word' id='word_1_98' title='bbox 1047 1041 1181 1098; x_wconf 76' lang='lat' dir='ltr'><strong>ipsum</strong></span> <span class='ocrx_word' id='word_1_99' title='bbox 1213 1041 1419 1086; x_wconf 75' lang='lat' dir='ltr'><strong>Verbum,</strong></span> <span class='ocrx_word' id='word_1_100' title='bbox 1457 1048 1551 1081; x_wconf 84' lang='lat' dir='ltr'><strong>ante</strong></span> <span class='ocrx_word' id='word_1_101' title='bbox 1588 1040 1724 1081; x_wconf 88' lang='lat' dir='ltr'><strong>Deum</strong></span> 
     </span>
     <span class='ocr_line' id='line_1_13' title="bbox 319 1106 1727 1167; baseline 0.003 -20"><span class='ocrx_word' id='word_1_102' title='bbox 319 1139 323 1143; x_wconf 89' lang='lat'>.</span> <span class='ocrx_word' id='word_1_103' title='bbox 372 1106 514 1148; x_wconf 85' lang='lat' dir='ltr'><strong>dicere</strong></span> <span class='ocrx_word' id='word_1_104' title='bbox 548 1122 637 1149; x_wconf 89' lang='lat' dir='ltr'><strong>esse</strong></span> <span class='ocrx_word' id='word_1_105' title='bbox 671 1108 828 1164; x_wconf 82' lang='lat' dir='ltr'><strong>aliquid</strong></span> <span class='ocrx_word' id='word_1_106' title='bbox 849 1142 859 1157; x_wconf 90' lang='lat'><strong>,</strong></span> <span class='ocrx_word' id='word_1_107' title='bbox 901 1126 1038 1166; x_wconf 69' lang='lat' dir='ltr'><strong>grave.</strong></span> <span class='ocrx_word' id='word_1_108' title='bbox 1075 1111 1186 1167; x_wconf 78' lang='lat' dir='ltr'><strong>Ergo</strong></span> <span class='ocrx_word' id='word_1_109' title='bbox 1217 1111 1249 1152; x_wconf 87' lang='lat' dir='ltr'><strong>si</strong></span> <span class='ocrx_word' id='word_1_110' title='bbox 1290 1111 1344 1152; x_wconf 88' lang='lat' dir='ltr'><strong>ita</strong></span> <span class='ocrx_word' id='word_1_111' title='bbox 1381 1118 1470 1159; x_wconf 82' lang='lat' dir='ltr'><strong>ost,</strong></span> <span class='ocrx_word' id='word_1_112' title='bbox 1503 1109 1596 1166; x_wconf 75' lang='lat' dir='ltr'><strong>quia</strong></span> <span class='ocrx_word' id='word_1_113' title='bbox 1620 1109 1727 1152; x_wconf 87' lang='lat' dir='ltr'><strong>nihil</strong></span> 
     </span>
     <span class='ocr_line' id='line_1_14' title="bbox 373 1177 1725 1238; baseline 0.001 -21"><span class='ocrx_word' id='word_1_114' title='bbox 373 1177 525 1218; x_wconf 86' lang='lat' dir='ltr'><strong>borum</strong></span> <span class='ocrx_word' id='word_1_115' title='bbox 549 1186 610 1219; x_wconf 88' lang='lat' dir='ltr'><strong>est</strong></span> <span class='ocrx_word' id='word_1_116' title='bbox 636 1179 676 1220; x_wconf 87' lang='lat' dir='ltr'><strong>in</strong></span> <span class='ocrx_word' id='word_1_117' title='bbox 700 1179 939 1228; x_wconf 83' lang='lat' dir='ltr'><strong>DeoPatre,</strong></span> <span class='ocrx_word' id='word_1_118' title='bbox 961 1196 1051 1237; x_wconf 74' lang='lat' dir='ltr'><strong>quae</strong></span> <span class='ocrx_word' id='word_1_119' title='bbox 1076 1182 1310 1238; x_wconf 78' lang='lat' dir='ltr'><strong>profectum</strong></span> <span class='ocrx_word' id='word_1_120' title='bbox 1336 1179 1593 1237; x_wconf 77' lang='lat' dir='ltr'><strong>significent,</strong></span> <span class='ocrx_word' id='word_1_121' title='bbox 1629 1179 1725 1236; x_wconf 89' lang='lat' dir='ltr'><strong>qnia</strong></span> 
     </span>
     <span class='ocr_line' id='line_1_15' title="bbox 372 1246 1727 1308; baseline 0 -19"><span class='ocrx_word' id='word_1_122' title='bbox 372 1246 486 1289; x_wconf 86' lang='lat' dir='ltr'><strong>Deus</strong></span> <span class='ocrx_word' id='word_1_123' title='bbox 508 1256 596 1296; x_wconf 79' lang='lat' dir='ltr'><strong>est;</strong></span> <span class='ocrx_word' id='word_1_124' title='bbox 626 1248 729 1290; x_wconf 75' lang='lat' dir='ltr'><strong>n³h²t</strong></span> <span class='ocrx_word' id='word_1_125' title='bbox 759 1249 906 1291; x_wconf 85' lang='lat' dir='ltr'><strong>horum</strong></span> <span class='ocrx_word' id='word_1_126' title='bbox 931 1251 1060 1308; x_wconf 80' lang='lat' dir='ltr'><strong>aptari</strong></span> <span class='ocrx_word' id='word_1_127' title='bbox 1093 1251 1216 1292; x_wconf 75' lang='lat' dir='ltr'><strong>etiam</strong></span> <span class='ocrx_word' id='word_1_128' title='bbox 1242 1259 1378 1308; x_wconf 81' lang='lat' dir='ltr'><strong>potest</strong></span> <span class='ocrx_word' id='word_1_129' title='bbox 1406 1250 1481 1292; x_wconf 74' lang='lat' dir='ltr'><strong>Dei</strong></span> <span class='ocrx_word' id='word_1_130' title='bbox 1517 1248 1645 1295; x_wconf 90' lang='lat' dir='ltr'><strong>Filio,</strong></span> <span class='ocrx_word' id='word_1_131' title='bbox 1680 1256 1727 1289; x_wconf 83' lang='lat' dir='ltr'><strong>ut</strong></span> 
     </span>
     <span class='ocr_line' id='line_1_16' title="bbox 372 1317 1727 1378; baseline 0.001 -20"><span class='ocrx_word' id='word_1_132' title='bbox 372 1318 437 1358; x_wconf 85' lang='lat' dir='ltr'><strong>vel</strong></span> <span class='ocrx_word' id='word_1_133' title='bbox 472 1317 636 1359; x_wconf 90' lang='lat' dir='ltr'><strong>initium</strong></span> <span class='ocrx_word' id='word_1_134' title='bbox 661 1319 861 1376; x_wconf 83' lang='lat' dir='ltr'><strong>accipiat,</strong></span> <span class='ocrx_word' id='word_1_135' title='bbox 888 1322 951 1362; x_wconf 85' lang='lat' dir='ltr'><strong>vel</strong></span> <span class='ocrx_word' id='word_1_136' title='bbox 980 1321 1213 1378; x_wconf 78' lang='lat' dir='ltr'><strong>profectum</strong></span> <span class='ocrx_word' id='word_1_137' title='bbox 1234 1355 1243 1369; x_wconf 95' lang='lat'><em>‚</em></span> <span class='ocrx_word' id='word_1_138' title='bbox 1276 1321 1370 1377; x_wconf 74' lang='lat' dir='ltr'><strong>quia</strong></span> <span class='ocrx_word' id='word_1_139' title='bbox 1395 1321 1506 1362; x_wconf 86' lang='lat' dir='ltr'><strong>Dens</strong></span> <span class='ocrx_word' id='word_1_140' title='bbox 1528 1333 1649 1360; x_wconf 89' lang='lat' dir='ltr'><strong>verus</strong></span> <span class='ocrx_word' id='word_1_141' title='bbox 1676 1332 1727 1359; x_wconf 82' lang='lat' dir='ltr'><strong>ex</strong></span> 
     </span>
     <span class='ocr_line' id='line_1_17' title="bbox 375 1386 799 1430; baseline 0.002 -2"><span class='ocrx_word' id='word_1_142' title='bbox 375 1386 461 1428; x_wconf 87' lang='lat' dir='ltr'><strong>Deo</strong></span> <span class='ocrx_word' id='word_1_143' title='bbox 488 1402 586 1428; x_wconf 85' lang='lat' dir='ltr'><strong>vero</strong></span> <span class='ocrx_word' id='word_1_144' title='bbox 609 1396 683 1430; x_wconf 87' lang='lat' dir='ltr'><strong>est.</strong></span> <span class='ocrx_word' id='word_1_145' title='bbox 796 1388 799 1389; x_wconf 45' lang='lat'><em>⁷</em></span> 
     </span>
    </p>
   </div>
   <div class='ocr_carea' id='block_1_3' title="bbox 375 1455 1731 2579">
    <p class='ocr_par' dir='ltr' id='par_1_4' title="bbox 375 1455 1731 2364">
     <span class='ocr_line' id='line_1_18' title="bbox 431 1455 1723 1516; baseline 0.002 -19"><span class='ocrx_word' id='word_1_146' title='bbox 431 1455 622 1498; x_wconf 83' lang='lat' dir='ltr'>LXXVI.</span> <span class='ocrx_word' id='word_1_147' title='bbox 664 1458 772 1512; x_wconf 73' lang='lat' dir='ltr'><strong>Ergo</strong></span> <span class='ocrx_word' id='word_1_148' title='bbox 796 1459 890 1515; x_wconf 84' lang='lat' dir='ltr'><strong>quia</strong></span> <span class='ocrx_word' id='word_1_149' title='bbox 916 1460 1112 1502; x_wconf 80' lang='lat' dir='ltr'><strong>usitatum</strong></span> <span class='ocrx_word' id='word_1_150' title='bbox 1139 1475 1218 1500; x_wconf 88' lang='lat' dir='ltr'><strong>non</strong></span> <span class='ocrx_word' id='word_1_151' title='bbox 1247 1459 1479 1516; x_wconf 77' lang='lat' dir='ltr'><strong>reperimus</strong></span> <span class='ocrx_word' id='word_1_152' title='bbox 1506 1459 1723 1506; x_wconf 83' lang='lat' dir='ltr'><strong>ordinem,</strong></span> 
     </span>
     <span class='ocr_line' id='line_1_19' title="bbox 376 1526 1720 1586; baseline 0.003 -20"><span class='ocrx_word' id='word_1_153' title='bbox 376 1526 616 1581; x_wconf 78' lang='lat' dir='ltr'><strong>acquiesce,</strong></span> <span class='ocrx_word' id='word_1_154' title='bbox 635 1527 831 1576; x_wconf 80' lang='lat' dir='ltr'><strong>Arriane,</strong></span> <span class='ocrx_word' id='word_1_155' title='bbox 857 1531 1110 1586; x_wconf 60' lang='lat' dir='ltr'><strong>praecipuam</strong></span> <span class='ocrx_word' id='word_1_156' title='bbox 1130 1531 1221 1572; x_wconf 85' lang='lat' dir='ltr'><strong>Filii</strong></span> <span class='ocrx_word' id='word_1_157' title='bbox 1246 1530 1558 1586; x_wconf 71' lang='lat' dir='ltr'><strong>generationem</strong></span> <span class='ocrx_word' id='word_1_158' title='bbox 1583 1529 1720 1570; x_wconf 76' lang='lat' dir='ltr'><strong>fuisse.</strong></span> 
     </span>
     <span class='ocr_line' id='line_1_20' title="bbox 377 1594 1728 1653; baseline 0.001 -17"><span class='ocrx_word' id='word_1_159' title='bbox 377 1594 632 1651; x_wconf 83' lang='lat' dir='ltr'><strong>Aequiesce,</strong></span> <span class='ocrx_word' id='word_1_160' title='bbox 653 1597 850 1653; x_wconf 79' lang='lat' dir='ltr'><strong>inquam3</strong></span> <span class='ocrx_word' id='word_1_161' title='bbox 876 1608 917 1640; x_wconf 79' lang='lat' dir='ltr'><strong>ct</strong></span> <span class='ocrx_word' id='word_1_162' title='bbox 940 1600 970 1640; x_wconf 88' lang='lat' dir='ltr'><strong>si</strong></span> <span class='ocrx_word' id='word_1_163' title='bbox 996 1600 1094 1640; x_wconf 82' lang='lat' dir='ltr'><strong>mihi</strong></span> <span class='ocrx_word' id='word_1_164' title='bbox 1119 1616 1200 1641; x_wconf 85' lang='lat' dir='ltr'><strong>non</strong></span> <span class='ocrx_word' id='word_1_165' title='bbox 1237 1599 1401 1646; x_wconf 76' lang='lat' dir='ltr'><strong>credis,</strong></span> <span class='ocrx_word' id='word_1_166' title='bbox 1433 1598 1636 1640; x_wconf 82' lang='lat' dir='ltr'><strong>erubesce</strong></span> <span class='ocrx_word' id='word_1_167' title='bbox 1663 1597 1728 1639; x_wconf 84' lang='lat' dir='ltr'><strong>vel</strong></span> 
     </span>
     <span class='ocr_line' id='line_1_21' title="bbox 375 1664 1729 1711; baseline 0.001 -5"><span class='ocrx_word' id='word_1_168' title='bbox 375 1664 451 1706; x_wconf 86' lang='lat' dir='ltr'><strong>Dei</strong></span> <span class='ocrx_word' id='word_1_169' title='bbox 477 1680 618 1707; x_wconf 83' lang='lat' dir='ltr'><strong>vocem</strong></span> <span class='ocrx_word' id='word_1_170' title='bbox 644 1668 849 1709; x_wconf 83' lang='lat' dir='ltr'><strong>dicentis:</strong></span> <span class='ocrx_word' id='word_1_171' title='bbox 881 1688 895 1706; x_wconf 75' lang='grc' dir='ltr'>α</span> <span class='ocrx_word' id='word_1_172' title='bbox 918 1671 993 1710; x_wconf 89' lang='lat' dir='ltr'><strong>Cui</strong></span> <span class='ocrx_word' id='word_1_173' title='bbox 1025 1685 1091 1711; x_wconf 85' lang='lat' dir='ltr'><strong>me</strong></span> <span class='ocrx_word' id='word_1_174' title='bbox 1119 1671 1298 1711; x_wconf 85' lang='lat' dir='ltr'><strong>similem</strong></span> <span class='ocrx_word' id='word_1_175' title='bbox 1327 1668 1583 1711; x_wconf 83' lang='lat' dir='ltr'><strong>aestimastis¹</strong></span> <span class='ocrx_word' id='word_1_176' title='bbox 1605 1668 1622 1708; x_wconf 73' lang='grc' dir='ltr'><strong>Ξ)</strong></span> <span class='ocrx_word' id='word_1_177' title='bbox 1641 1687 1655 1705; x_wconf 85' lang='grc'>»</span> <span class='ocrx_word' id='word_1_178' title='bbox 1676 1667 1729 1708; x_wconf 83' lang='lat' dir='ltr'><strong>Et</strong></span> 
     </span>
     <span class='ocr_line' id='line_1_22' title="bbox 377 1735 1730 1788; baseline 0.004 -12"><span class='ocrx_word' id='word_1_179' title='bbox 377 1735 528 1777; x_wconf 86' lang='lat' dir='ltr'><strong>iterum</strong></span> <span class='ocrx_word' id='word_1_180' title='bbox 551 1751 560 1777; x_wconf 93' lang='lat'>:</span> <span class='ocrx_word' id='word_1_181' title='bbox 589 1738 731 1788; x_wconf 83' lang='lat' dir='ltr'><strong>«Quia</strong></span> <span class='ocrx_word' id='word_1_182' title='bbox 757 1754 837 1780; x_wconf 90' lang='lat' dir='ltr'><strong>non</strong></span> <span class='ocrx_word' id='word_1_183' title='bbox 857 1740 964 1782; x_wconf 88' lang='lat' dir='ltr'><strong>sicut</strong></span> <span class='ocrx_word' id='word_1_184' title='bbox 984 1741 1109 1782; x_wconf 86' lang='lat' dir='ltr'><strong>homo</strong></span> <span class='ocrx_word' id='word_1_185' title='bbox 1125 1774 1134 1788; x_wconf 89' lang='lat'>‚</span> <span class='ocrx_word' id='word_1_186' title='bbox 1155 1742 1208 1782; x_wconf 86' lang='lat' dir='ltr'><strong>ita</strong></span> <span class='ocrx_word' id='word_1_187' title='bbox 1228 1751 1268 1782; x_wconf 85' lang='lat' dir='ltr'><strong>et</strong></span> <span class='ocrx_word' id='word_1_188' title='bbox 1290 1740 1442 1783; x_wconf 77' lang='lat' dir='ltr'><strong>Deus2.</strong></span> <span class='ocrx_word' id='word_1_189' title='bbox 1466 1759 1480 1778; x_wconf 92' lang='lat'>»</span> <span class='ocrx_word' id='word_1_190' title='bbox 1505 1739 1670 1780; x_wconf 82' lang='lat' dir='ltr'><strong>Etenim</strong></span> <span class='ocrx_word' id='word_1_191' title='bbox 1695 1738 1730 1779; x_wconf 83' lang='lat' dir='ltr'><strong>si</strong></span> 
     </span>
     <span class='ocr_line' id='line_1_23' title="bbox 379 1808 1730 1868; baseline 0.004 -22"><span class='ocrx_word' id='word_1_192' title='bbox 379 1808 565 1863; x_wconf 81' lang='lat' dir='ltr'><strong>operatio</strong></span> <span class='ocrx_word' id='word_1_193' title='bbox 586 1808 660 1849; x_wconf 90' lang='lat' dir='ltr'><strong>Dei</strong></span> <span class='ocrx_word' id='word_1_194' title='bbox 678 1811 887 1867; x_wconf 80' lang='lat' dir='ltr'><strong>praecipua</strong></span> <span class='ocrx_word' id='word_1_195' title='bbox 908 1819 986 1858; x_wconf 83' lang='lat' dir='ltr'><strong>est,</strong></span> <span class='ocrx_word' id='word_1_196' title='bbox 1007 1813 1100 1867; x_wconf 90' lang='lat' dir='ltr'><strong>quia</strong></span> <span class='ocrx_word' id='word_1_197' title='bbox 1122 1827 1203 1854; x_wconf 82' lang='lat' dir='ltr'><strong>non</strong></span> <span class='ocrx_word' id='word_1_198' title='bbox 1222 1813 1414 1854; x_wconf 86' lang='lat' dir='ltr'><strong>manibus</strong></span> <span class='ocrx_word' id='word_1_199' title='bbox 1434 1820 1632 1868; x_wconf 77' lang='lat' dir='ltr'><strong>operatur</strong></span> <span class='ocrx_word' id='word_1_200' title='bbox 1654 1810 1730 1852; x_wconf 87' lang='lat' dir='ltr'><strong>ali·</strong></span> 
     </span>
     <span class='ocr_line' id='line_1_24' title="bbox 376 1875 1729 1939; baseline 0.006 -24"><span class='ocrx_word' id='word_1_201' title='bbox 376 1875 501 1931; x_wconf 82' lang='lat' dir='ltr'><strong>quid,</strong></span> <span class='ocrx_word' id='word_1_202' title='bbox 540 1892 622 1918; x_wconf 91' lang='lat' dir='ltr'><strong>non</strong></span> <span class='ocrx_word' id='word_1_203' title='bbox 660 1879 804 1921; x_wconf 83' lang='lat' dir='ltr'><strong>labore</strong></span> <span class='ocrx_word' id='word_1_204' title='bbox 838 1880 1033 1929; x_wconf 84' lang='lat' dir='ltr'><strong>conficit,</strong></span> <span class='ocrx_word' id='word_1_205' title='bbox 1071 1898 1154 1923; x_wconf 88' lang='lat' dir='ltr'><strong>non</strong></span> <span class='ocrx_word' id='word_1_206' title='bbox 1187 1883 1334 1923; x_wconf 83' lang='lat' dir='ltr'><strong>diebus</strong></span> <span class='ocrx_word' id='word_1_207' title='bbox 1367 1882 1569 1930; x_wconf 85' lang='lat' dir='ltr'><strong>absolvit;</strong></span> <span class='ocrx_word' id='word_1_208' title='bbox 1596 1900 1611 1920; x_wconf 70' lang='grc' dir='ltr'>α</span> <span class='ocrx_word' id='word_1_209' title='bbox 1637 1882 1729 1939; x_wconf 82' lang='lat' dir='ltr'><strong>Ipse</strong></span> 
     </span>
     <span class='ocr_line' id='line_1_25' title="bbox 379 1945 1729 2011; baseline 0.008 -26"><span class='ocrx_word' id='word_1_210' title='bbox 379 1945 519 1988; x_wconf 85' lang='lat' dir='ltr'><strong>»enim</strong></span> <span class='ocrx_word' id='word_1_211' title='bbox 554 1948 680 1996; x_wconf 83' lang='lat' dir='ltr'><strong>dixit,</strong></span> <span class='ocrx_word' id='word_1_212' title='bbox 720 1958 761 1991; x_wconf 86' lang='lat' dir='ltr'><strong>et</strong></span> <span class='ocrx_word' id='word_1_213' title='bbox 793 1950 898 1993; x_wconf 81' lang='lat' dir='ltr'><strong>sacta</strong></span> <span class='ocrx_word' id='word_1_214' title='bbox 931 1961 1059 1994; x_wconf 86' lang='lat' dir='ltr'><strong>sunt:</strong></span> <span class='ocrx_word' id='word_1_215' title='bbox 1105 1955 1193 2011; x_wconf 82' lang='lat' dir='ltr'><strong>ipso</strong></span> <span class='ocrx_word' id='word_1_216' title='bbox 1237 1954 1471 2002; x_wconf 75' lang='lat' dir='ltr'><strong>mandavit,</strong></span> <span class='ocrx_word' id='word_1_217' title='bbox 1516 1963 1557 1996; x_wconf 87' lang='lat' dir='ltr'><strong>et</strong></span> <span class='ocrx_word' id='word_1_218' title='bbox 1590 1963 1729 1996; x_wconf 77' lang='lat' dir='ltr'><strong>creata</strong></span> 
     </span>
     <span class='ocr_line' id='line_1_26' title="bbox 381 2016 1728 2080; baseline 0.005 -23"><span class='ocrx_word' id='word_1_219' title='bbox 381 2016 529 2057; x_wconf 67' lang='grc' dir='ltr'><strong>»ειῑηιι3</strong></span> <span class='ocrx_word' id='word_1_220' title='bbox 559 2033 568 2058; x_wconf 87' lang='lat'>:</span> <span class='ocrx_word' id='word_1_221' title='bbox 595 2036 608 2056; x_wconf 70' lang='lat' dir='ltr'><strong><em>n</em></strong></span> <span class='ocrx_word' id='word_1_222' title='bbox 633 2033 709 2060; x_wconf 88' lang='lat' dir='ltr'><strong>cur</strong></span> <span class='ocrx_word' id='word_1_223' title='bbox 741 2035 825 2062; x_wconf 89' lang='lat' dir='ltr'><strong>non</strong></span> <span class='ocrx_word' id='word_1_224' title='bbox 864 2024 1085 2063; x_wconf 76' lang='lat' dir='ltr'><strong>credamus</strong></span> <span class='ocrx_word' id='word_1_225' title='bbox 1120 2024 1373 2080; x_wconf 68' lang='lat' dir='ltr'><strong>przecipuam</strong></span> <span class='ocrx_word' id='word_1_226' title='bbox 1415 2023 1728 2080; x_wconf 76' lang='lat' dir='ltr'><strong>generationem</strong></span> 
     </span>
     <span class='ocr_line' id='line_1_27' title="bbox 382 2088 1731 2151; baseline 0.006 -23"><span class='ocrx_word' id='word_1_227' title='bbox 382 2102 471 2128; x_wconf 84' lang='lat' dir='ltr'><strong>esse</strong></span> <span class='ocrx_word' id='word_1_228' title='bbox 493 2088 584 2144; x_wconf 86' lang='lat' dir='ltr'><strong>ejus</strong></span> <span class='ocrx_word' id='word_1_229' title='bbox 604 2088 643 2130; x_wconf 90' lang='lat' dir='ltr'><strong>in</strong></span> <span class='ocrx_word' id='word_1_230' title='bbox 667 2089 772 2132; x_wconf 88' lang='lat' dir='ltr'><strong>Filio</strong></span> <span class='ocrx_word' id='word_1_231' title='bbox 790 2123 800 2138; x_wconf 94' lang='lat'><strong>,</strong></span> <span class='ocrx_word' id='word_1_232' title='bbox 827 2092 947 2147; x_wconf 89' lang='lat' dir='ltr'><strong>cujus</strong></span> <span class='ocrx_word' id='word_1_233' title='bbox 971 2093 1226 2150; x_wconf 67' lang='lat' dir='ltr'><strong>praecipuam</strong></span> <span class='ocrx_word' id='word_1_234' title='bbox 1256 2095 1512 2136; x_wconf 84' lang='lat' dir='ltr'><strong>creationem</strong></span> <span class='ocrx_word' id='word_1_235' title='bbox 1533 2095 1571 2136; x_wconf 90' lang='lat' dir='ltr'><strong>in</strong></span> <span class='ocrx_word' id='word_1_236' title='bbox 1596 2095 1731 2151; x_wconf 82' lang='lat' dir='ltr'><strong>operi·</strong></span> 
     </span>
     <span class='ocr_line' id='line_1_28' title="bbox 382 2158 1730 2223; baseline 0.007 -25"><span class='ocrx_word' id='word_1_237' title='bbox 382 2158 459 2199; x_wconf 88' lang='lat' dir='ltr'><strong>hus</strong></span> <span class='ocrx_word' id='word_1_238' title='bbox 484 2160 747 2216; x_wconf 69' lang='lat' dir='ltr'><strong>agnoscimus</strong></span> <span class='ocrx_word' id='word_1_239' title='bbox 767 2162 784 2202; x_wconf 73' lang='grc' dir='ltr'><strong><em>Ρ</em></strong></span> <span class='ocrx_word' id='word_1_240' title='bbox 803 2163 982 2219; x_wconf 84' lang='lat' dir='ltr'><strong>Dignum</strong></span> <span class='ocrx_word' id='word_1_241' title='bbox 1013 2174 1126 2205; x_wconf 81' lang='lat' dir='ltr'><strong>certo</strong></span> <span class='ocrx_word' id='word_1_242' title='bbox 1147 2174 1208 2206; x_wconf 81' lang='lat' dir='ltr'><strong>est</strong></span> <span class='ocrx_word' id='word_1_243' title='bbox 1232 2174 1275 2206; x_wconf 86' lang='lat' dir='ltr'><strong>ut</strong></span> <span class='ocrx_word' id='word_1_244' title='bbox 1298 2166 1534 2222; x_wconf 81' lang='lat' dir='ltr'><strong>specialiter</strong></span> <span class='ocrx_word' id='word_1_245' title='bbox 1560 2174 1601 2207; x_wconf 83' lang='lat' dir='ltr'><strong>et</strong></span> <span class='ocrx_word' id='word_1_246' title='bbox 1622 2181 1730 2223; x_wconf 82' lang='lat' dir='ltr'><strong>prae-</strong></span> 
     </span>
     <span class='ocr_line' id='line_1_29' title="bbox 381 2229 1731 2292; baseline 0.003 -20"><span class='ocrx_word' id='word_1_247' title='bbox 381 2229 504 2285; x_wconf 83' lang='lat' dir='ltr'><strong>cipue</strong></span> <span class='ocrx_word' id='word_1_248' title='bbox 527 2231 717 2274; x_wconf 70' lang='lat' dir='ltr'><strong>videatur</strong></span> <span class='ocrx_word' id='word_1_249' title='bbox 738 2249 956 2290; x_wconf 83' lang='lat' dir='ltr'><strong>generasse</strong></span> <span class='ocrx_word' id='word_1_250' title='bbox 972 2235 1139 2277; x_wconf 84' lang='lat' dir='ltr'><strong>Filium.</strong></span> <span class='ocrx_word' id='word_1_251' title='bbox 1168 2236 1327 2277; x_wconf 85' lang='lat' dir='ltr'><strong>Habeat</strong></span> <span class='ocrx_word' id='word_1_252' title='bbox 1345 2234 1623 2292; x_wconf 72' lang='lat' dir='ltr'><strong>generationis</strong></span> <span class='ocrx_word' id='word_1_253' title='bbox 1643 2236 1731 2277; x_wconf 90' lang='lat' dir='ltr'><strong>inu-</strong></span> 
     </span>
     <span class='ocr_line' id='line_1_30' title="bbox 381 2301 1640 2364; baseline 0.004 -22"><span class='ocrx_word' id='word_1_254' title='bbox 381 2301 511 2343; x_wconf 79' lang='lat' dir='ltr'><strong>sitatae</strong></span> <span class='ocrx_word' id='word_1_255' title='bbox 533 2303 706 2358; x_wconf 79' lang='lat' dir='ltr'><strong>gloriam</strong></span> <span class='ocrx_word' id='word_1_256' title='bbox 721 2336 731 2351; x_wconf 92' lang='lat'><strong><em>‚</em></strong></span> <span class='ocrx_word' id='word_1_257' title='bbox 751 2306 972 2364; x_wconf 66' lang='lat' dir='ltr'><strong>qui;liabet</strong></span> <span class='ocrx_word' id='word_1_258' title='bbox 992 2306 1204 2361; x_wconf 82' lang='lat' dir='ltr'><strong>potestatis</strong></span> <span class='ocrx_word' id='word_1_259' title='bbox 1229 2306 1434 2347; x_wconf 67' lang='lat' dir='ltr'><strong>inusitata]</strong></span> <span class='ocrx_word' id='word_1_260' title='bbox 1452 2306 1640 2362; x_wconf 70' lang='lat' dir='ltr'><strong>gratiam.</strong></span> 
     </span>
    </p>

    <p class='ocr_par' dir='ltr' id='par_1_5' title="bbox 381 2373 1730 2579">
     <span class='ocr_line' id='line_1_31' title="bbox 438 2373 1730 2434; baseline 0.004 -20"><span class='ocrx_word' id='word_1_261' title='bbox 438 2373 650 2416; x_wconf 57' lang='lat' dir='ltr'>LXXVII.</span> <span class='ocrx_word' id='word_1_262' title='bbox 707 2376 796 2418; x_wconf 86' lang='lat' dir='ltr'><strong>Non</strong></span> <span class='ocrx_word' id='word_1_263' title='bbox 834 2379 918 2418; x_wconf 88' lang='lat' dir='ltr'><strong>sola</strong></span> <span class='ocrx_word' id='word_1_264' title='bbox 963 2378 1219 2419; x_wconf 80' lang='lat' dir='ltr'><strong>admirabilis</strong></span> <span class='ocrx_word' id='word_1_265' title='bbox 1263 2393 1311 2419; x_wconf 83' lang='lat' dir='ltr'><strong>cx</strong></span> <span class='ocrx_word' id='word_1_266' title='bbox 1354 2378 1474 2419; x_wconf 76' lang='lat' dir='ltr'><strong>Patre</strong></span> <span class='ocrx_word' id='word_1_267' title='bbox 1516 2377 1730 2434; x_wconf 81' lang='lat' dir='ltr'><strong>generatio</strong></span> 
     </span>
     <span class='ocr_line' id='line_1_32' title="bbox 382 2443 1724 2505; baseline 0.004 -21"><span class='ocrx_word' id='word_1_268' title='bbox 382 2443 558 2493; x_wconf 79' lang='lat' dir='ltr'><strong>Christi,</strong></span> <span class='ocrx_word' id='word_1_269' title='bbox 583 2447 840 2488; x_wconf 81' lang='lat' dir='ltr'><strong>admirabilis</strong></span> <span class='ocrx_word' id='word_1_270' title='bbox 866 2449 989 2489; x_wconf 81' lang='lat' dir='ltr'><strong>etiam</strong></span> <span class='ocrx_word' id='word_1_271' title='bbox 1016 2449 1099 2505; x_wconf 84' lang='lat' dir='ltr'><strong>ipsa</strong></span> <span class='ocrx_word' id='word_1_272' title='bbox 1125 2448 1338 2504; x_wconf 72' lang='lat' dir='ltr'><strong>generatio</strong></span> <span class='ocrx_word' id='word_1_273' title='bbox 1361 2448 1450 2504; x_wconf 85' lang='lat' dir='ltr'><strong>ejus</strong></span> <span class='ocrx_word' id='word_1_274' title='bbox 1470 2464 1519 2489; x_wconf 82' lang='lat' dir='ltr'><strong>ex</strong></span> <span class='ocrx_word' id='word_1_275' title='bbox 1545 2447 1724 2503; x_wconf 64' lang='lat' dir='ltr'><strong>Virgine.</strong></span> 
     </span>
     <span class='ocr_line' id='line_1_33' title="bbox 381 2514 1729 2579; baseline 0.001 -21"><span class='ocrx_word' id='word_1_276' title='bbox 381 2518 443 2560; x_wconf 86' lang='lat' dir='ltr'><strong>Tu</strong></span> <span class='ocrx_word' id='word_1_277' title='bbox 464 2514 574 2556; x_wconf 85' lang='lat' dir='ltr'><strong>illam</strong></span> <span class='ocrx_word' id='word_1_278' title='bbox 598 2516 701 2558; x_wconf 90' lang='lat' dir='ltr'><strong>dicis</strong></span> <span class='ocrx_word' id='word_1_279' title='bbox 719 2526 869 2559; x_wconf 71' lang='lat' dir='ltr'><strong>nostra}</strong></span> <span class='ocrx_word' id='word_1_280' title='bbox 888 2518 1065 2560; x_wconf 85' lang='lat' dir='ltr'><strong>similem</strong></span> <span class='ocrx_word' id='word_1_281' title='bbox 1089 2518 1377 2575; x_wconf 76' lang='lat' dir='ltr'><strong>conceptionis</strong></span> <span class='ocrx_word' id='word_1_282' title='bbox 1401 2552 1409 2564; x_wconf 92' lang='lat'><strong>,</strong></span> <span class='ocrx_word' id='word_1_283' title='bbox 1442 2526 1481 2559; x_wconf 87' lang='lat' dir='ltr'><strong>et</strong></span> <span class='ocrx_word' id='word_1_284' title='bbox 1500 2533 1575 2578; x_wconf 73' lang='lat' dir='ltr'><strong>ego</strong></span> <span class='ocrx_word' id='word_1_285' title='bbox 1594 2517 1729 2579; x_wconf 79' lang='lat' dir='ltr'><strong>probo</strong></span> 
     </span>
    </p>
   </div>
   <div class='ocr_carea' id='block_1_4' title="bbox 430 2610 1455 2654">
    <p class='ocr_par' dir='ltr' id='par_1_6' title="bbox 430 2610 1455 2654">
     <span class='ocr_line' id='line_1_34' title="bbox 430 2610 1455 2654; baseline -0.001 -12"><span class='ocrx_word' id='word_1_286' title='bbox 430 2619 438 2633; x_wconf 79' lang='lat'>¹</span> <span class='ocrx_word' id='word_1_287' title='bbox 461 2610 534 2642; x_wconf 76' lang='lat' dir='ltr'><strong>lsai.</strong></span> <span class='ocrx_word' id='word_1_288' title='bbox 556 2621 642 2648; x_wconf 58' lang='lat' dir='ltr'><strong>xevz,</strong></span> <span class='ocrx_word' id='word_1_289' title='bbox 659 2611 688 2642; x_wconf 88' lang='grc'><strong>5.</strong></span> <span class='ocrx_word' id='word_1_290' title='bbox 709 2629 745 2635; x_wconf 92' lang='lat'><strong>—-</strong></span> <span class='ocrx_word' id='word_1_291' title='bbox 766 2621 776 2640; x_wconf 65' lang='lat'><strong>‚¹</strong></span> <span class='ocrx_word' id='word_1_292' title='bbox 799 2611 891 2643; x_wconf 80' lang='lat' dir='ltr'><strong>Num.</strong></span> <span class='ocrx_word' id='word_1_293' title='bbox 915 2622 1131 2654; x_wconf 70' lang='lat' dir='ltr'><strong>xxu=‚19.—</strong></span> <span class='ocrx_word' id='word_1_294' title='bbox 1149 2613 1161 2634; x_wconf 83' lang='lat'><em>3</em></span> <span class='ocrx_word' id='word_1_295' title='bbox 1177 2612 1406 2648; x_wconf 56' lang='lat' dir='ltr'><strong>Psal.cx1,vm‚</strong></span> <span class='ocrx_word' id='word_1_296' title='bbox 1426 2611 1455 2642; x_wconf 81' lang='lat'><strong>5.</strong></span> 
     </span>
    </p>
   </div>
   <div class='ocr_carea' id='block_1_5' title="bbox 1771 0 1806 1780">
    <p class='ocr_par' dir='ltr' id='par_1_7' title="bbox 1771 0 1806 1780">
     <span class='ocr_line' id='line_1_35' title="bbox 1771 0 1806 1780; baseline 0 0"><span class='ocrx_word' id='word_1_297' title='bbox 1771 0 1806 1780; x_wconf 95' lang='lat' dir='ltr'><strong> </strong></span> 
     </span>
    </p>
   </div>
  </div>
 </body>
</html>
