<?xml version="1.0" encoding="UTF-8"?>
<!DOCTYPE html PUBLIC "-//W3C//DTD XHTML 1.0 Transitional//EN"
    "http://www.w3.org/TR/xhtml1/DTD/xhtml1-transitional.dtd">
<html xmlns="http://www.w3.org/1999/xhtml" xml:lang="en" lang="en">
 <head>
  <title>
</title>
<meta http-equiv="Content-Type" content="text/html;charset=utf-8" />
  <meta name='ocr-system' content='tesseract 3.04.00' />
  <meta name='ocr-capabilities' content='ocr_page ocr_carea ocr_par ocr_line ocrx_word'/>
</head>
<body>
  <div class='ocr_page' id='page_1' title='image "./omniaequaeextant06ambruoft_0367.png"; bbox 0 0 1768 3283; ppageno 0'>
   <div class='ocr_carea' id='block_1_1' title="bbox 366 257 1366 311">
    <p class='ocr_par' dir='ltr' id='par_1_1' title="bbox 366 257 1366 311">
     <span class='ocr_line' id='line_1_1' title="bbox 366 257 1366 311; baseline 0.002 -16"><span class='ocrx_word' id='word_1_1' title='bbox 366 267 417 296; x_wconf 76' lang='lat' dir='ltr'><strong>1)ss</strong></span> <span class='ocrx_word' id='word_1_2' title='bbox 451 267 610 296; x_wconf 76' lang='lat' dir='ltr'><strong>smmru</strong></span> <span class='ocrx_word' id='word_1_3' title='bbox 644 267 821 302; x_wconf 72' lang='grc' dir='ltr'><strong>εΛΝοτο,</strong></span> <span class='ocrx_word' id='word_1_4' title='bbox 858 268 932 296; x_wconf 76' lang='lat' dir='ltr'><strong>Lm.</strong></span> <span class='ocrx_word' id='word_1_5' title='bbox 977 269 1019 297; x_wconf 87' lang='lat' dir='ltr'><strong>n.</strong></span> <span class='ocrx_word' id='word_1_6' title='bbox 1285 257 1366 311; x_wconf 72' lang='grc'><strong>349</strong></span> 
     </span>
    </p>
   </div>
   <div class='ocr_carea' id='block_1_2' title="bbox 0 334 1402 2579">
    <p class='ocr_par' dir='ltr' id='par_1_2' title="bbox 0 334 1378 891">
     <span class='ocr_line' id='line_1_2' title="bbox 2 334 1370 402; baseline 0.001 -14"><span class='ocrx_word' id='word_1_7' title='bbox 2 334 3 343; x_wconf 30' lang='lat'>¹</span> <span class='ocrx_word' id='word_1_8' title='bbox 24 346 252 388; x_wconf 76' lang='lat' dir='ltr'><strong>refutamus</strong></span> <span class='ocrx_word' id='word_1_9' title='bbox 292 344 537 387; x_wconf 74' lang='lat' dir='ltr'><strong>auctorem?</strong></span> <span class='ocrx_word' id='word_1_10' title='bbox 577 345 659 388; x_wconf 89' lang='lat' dir='ltr'><strong>Sed</strong></span> <span class='ocrx_word' id='word_1_11' title='bbox 705 360 788 387; x_wconf 86' lang='lat' dir='ltr'><strong>non</strong></span> <span class='ocrx_word' id='word_1_12' title='bbox 839 354 976 402; x_wconf 85' lang='lat' dir='ltr'><strong>potest</strong></span> <span class='ocrx_word' id='word_1_13' title='bbox 1025 360 1194 388; x_wconf 86' lang='lat' dir='ltr'><strong>manere</strong></span> <span class='ocrx_word' id='word_1_14' title='bbox 1245 346 1370 389; x_wconf 85' lang='lat' dir='ltr'><strong>bene·</strong></span> 
     </span>
     <span class='ocr_line' id='line_1_3' title="bbox 0 409 1375 463; baseline 0.001 -6"><span class='ocrx_word' id='word_1_15' title='bbox 0 409 3 427; x_wconf 72' lang='lat'><strong>⁴</strong></span> <span class='ocrx_word' id='word_1_16' title='bbox 25 415 192 463; x_wconf 81' lang='lat' dir='ltr'><strong>ficium.</strong></span> <span class='ocrx_word' id='word_1_17' title='bbox 231 430 326 456; x_wconf 87' lang='lat' dir='ltr'><strong>cum</strong></span> <span class='ocrx_word' id='word_1_18' title='bbox 366 423 512 457; x_wconf 82' lang='lat' dir='ltr'><strong>auctor</strong></span> <span class='ocrx_word' id='word_1_19' title='bbox 561 415 828 457; x_wconf 82' lang='lat' dir='ltr'><strong>excluditur:</strong></span> <span class='ocrx_word' id='word_1_20' title='bbox 859 430 936 457; x_wconf 88' lang='lat' dir='ltr'><strong>nec</strong></span> <span class='ocrx_word' id='word_1_21' title='bbox 975 424 1122 457; x_wconf 87' lang='lat' dir='ltr'><strong>auctor</strong></span> <span class='ocrx_word' id='word_1_22' title='bbox 1163 416 1252 458; x_wconf 79' lang='lat' dir='ltr'><strong>sine</strong></span> <span class='ocrx_word' id='word_1_23' title='bbox 1286 432 1375 458; x_wconf 90' lang='lat' dir='ltr'><strong>mu-</strong></span> 
     </span>
     <span class='ocr_line' id='line_1_4' title="bbox 0 484 1376 543; baseline 0.001 -17"><span class='ocrx_word' id='word_1_24' title='bbox 0 494 2 497; x_wconf 87' lang='lat'>&#39;</span> <span class='ocrx_word' id='word_1_25' title='bbox 25 501 124 527; x_wconf 88' lang='lat' dir='ltr'><strong>nere</strong></span> <span class='ocrx_word' id='word_1_26' title='bbox 139 517 148 532; x_wconf 91' lang='lat'>,</span> <span class='ocrx_word' id='word_1_27' title='bbox 176 500 251 526; x_wconf 78' lang='lat' dir='ltr'><strong>ure</strong></span> <span class='ocrx_word' id='word_1_28' title='bbox 271 485 358 525; x_wconf 86' lang='lat' dir='ltr'><strong>sine</strong></span> <span class='ocrx_word' id='word_1_29' title='bbox 377 493 547 526; x_wconf 83' lang='lat' dir='ltr'><strong>auctore</strong></span> <span class='ocrx_word' id='word_1_30' title='bbox 568 500 733 526; x_wconf 89' lang='lat' dir='ltr'><strong>munus.</strong></span> <span class='ocrx_word' id='word_1_31' title='bbox 760 484 802 526; x_wconf 95' lang='lat' dir='ltr'><strong>Si</strong></span> <span class='ocrx_word' id='word_1_32' title='bbox 823 486 1006 527; x_wconf 82' lang='lat' dir='ltr'>vindicas</span> <span class='ocrx_word' id='word_1_33' title='bbox 1027 486 1198 543; x_wconf 79' lang='lat' dir='ltr'><strong>gratiam</strong></span> <span class='ocrx_word' id='word_1_34' title='bbox 1216 520 1225 535; x_wconf 94' lang='lat'>,</span> <span class='ocrx_word' id='word_1_35' title='bbox 1251 486 1376 528; x_wconf 85' lang='lat' dir='ltr'><strong>crede</strong></span> 
     </span>
     <span class='ocr_line' id='line_1_5' title="bbox 0 554 1369 619; baseline 0.001 -23"><span class='ocrx_word' id='word_1_36' title='bbox 0 555 282 619; x_wconf 36' lang='lat' dir='ltr'><strong>{potentiamt</strong></span> <span class='ocrx_word' id='word_1_37' title='bbox 323 555 355 595; x_wconf 87' lang='lat' dir='ltr'><strong>si</strong></span> <span class='ocrx_word' id='word_1_38' title='bbox 395 554 549 596; x_wconf 82' lang='lat' dir='ltr'><strong>refutas</strong></span> <span class='ocrx_word' id='word_1_39' title='bbox 580 555 834 612; x_wconf 84' lang='lat' dir='ltr'><strong>potentiam.</strong></span> <span class='ocrx_word' id='word_1_40' title='bbox 866 555 1039 612; x_wconf 78' lang='lat' dir='ltr'><strong>gratiam</strong></span> <span class='ocrx_word' id='word_1_41' title='bbox 1081 570 1134 597; x_wconf 90' lang='lat' dir='ltr'><strong>ne</strong></span> <span class='ocrx_word' id='word_1_42' title='bbox 1169 555 1369 611; x_wconf 76' lang='lat' dir='ltr'><strong>requiras.</strong></span> 
     </span>
     <span class='ocr_line' id='line_1_6' title="bbox 0 623 1378 681; baseline 0.001 -16"><span class='ocrx_word' id='word_1_43' title='bbox 0 623 2 640; x_wconf 73' lang='lat'><em>*</em></span> <span class='ocrx_word' id='word_1_44' title='bbox 28 625 110 676; x_wconf 87' lang='lat' dir='ltr'><strong>Qui</strong></span> <span class='ocrx_word' id='word_1_45' title='bbox 137 624 340 681; x_wconf 86' lang='lat' dir='ltr'><strong>Spiritum</strong></span> <span class='ocrx_word' id='word_1_46' title='bbox 360 624 547 681; x_wconf 82' lang='lat' dir='ltr'><strong>negavit,</strong></span> <span class='ocrx_word' id='word_1_47' title='bbox 578 625 717 666; x_wconf 85' lang='lat' dir='ltr'><strong>statim</strong></span> <span class='ocrx_word' id='word_1_48' title='bbox 748 625 911 681; x_wconf 83' lang='lat' dir='ltr'><strong>negavit</strong></span> <span class='ocrx_word' id='word_1_49' title='bbox 933 634 973 667; x_wconf 86' lang='lat' dir='ltr'><strong>et</strong></span> <span class='ocrx_word' id='word_1_50' title='bbox 1003 625 1172 667; x_wconf 82' lang='lat' dir='ltr'><strong>donum.</strong></span> <span class='ocrx_word' id='word_1_51' title='bbox 1209 625 1311 668; x_wconf 83' lang='lat' dir='ltr'><strong>Nam</strong></span> <span class='ocrx_word' id='word_1_52' title='bbox 1347 625 1378 666; x_wconf 86' lang='lat' dir='ltr'><strong>si</strong></span> 
     </span>
     <span class='ocr_line' id='line_1_7' title="bbox 29 694 1377 752; baseline 0.001 -17"><span class='ocrx_word' id='word_1_53' title='bbox 29 702 174 736; x_wconf 78' lang='lat' dir='ltr'><strong>auctor</strong></span> <span class='ocrx_word' id='word_1_54' title='bbox 209 694 318 741; x_wconf 80' lang='lat' dir='ltr'><strong>vilis,</strong></span> <span class='ocrx_word' id='word_1_55' title='bbox 349 694 562 750; x_wconf 85' lang='lat' dir='ltr'><strong>quomodo</strong></span> <span class='ocrx_word' id='word_1_56' title='bbox 597 694 703 735; x_wconf 87' lang='lat' dir='ltr'><strong>dona</strong></span> <span class='ocrx_word' id='word_1_57' title='bbox 744 694 952 751; x_wconf 74' lang='lat' dir='ltr'><strong>pretiosa?</strong></span> <span class='ocrx_word' id='word_1_58' title='bbox 995 694 1079 736; x_wconf 94' lang='lat' dir='ltr'><strong>Cur</strong></span> <span class='ocrx_word' id='word_1_59' title='bbox 1114 696 1264 736; x_wconf 88' lang='lat' dir='ltr'><strong>nostris</strong></span> <span class='ocrx_word' id='word_1_60' title='bbox 1301 694 1377 752; x_wconf 82' lang='lat' dir='ltr'><strong>ipsi</strong></span> 
     </span>
     <span class='ocr_line' id='line_1_8' title="bbox 0 763 1374 820; baseline 0 -15"><span class='ocrx_word' id='word_1_61' title='bbox 0 788 1 791; x_wconf 64' lang='lat'><em>=</em></span> <span class='ocrx_word' id='word_1_62' title='bbox 27 763 273 805; x_wconf 82' lang='lat' dir='ltr'><strong>muneribus</strong></span> <span class='ocrx_word' id='word_1_63' title='bbox 291 763 543 810; x_wconf 85' lang='lat' dir='ltr'><strong>invidemus,</strong></span> <span class='ocrx_word' id='word_1_64' title='bbox 566 778 680 820; x_wconf 90' lang='lat' dir='ltr'><strong>spem</strong></span> <span class='ocrx_word' id='word_1_65' title='bbox 699 763 987 805; x_wconf 85' lang='lat' dir='ltr'><strong>imminuimus</strong></span> <span class='ocrx_word' id='word_1_66' title='bbox 1005 797 1014 812; x_wconf 83' lang='lat'>.</span> <span class='ocrx_word' id='word_1_67' title='bbox 1035 764 1279 820; x_wconf 86' lang='lat' dir='ltr'><strong>dignitatem</strong></span> <span class='ocrx_word' id='word_1_68' title='bbox 1307 779 1374 805; x_wconf 90' lang='lat' dir='ltr'><strong>re-</strong></span> 
     </span>
     <span class='ocr_line' id='line_1_9' title="bbox 27 833 850 891; baseline 0 -17"><span class='ocrx_word' id='word_1_69' title='bbox 27 834 267 891; x_wconf 88' lang='lat' dir='ltr'><strong>pudiamus.</strong></span> <span class='ocrx_word' id='word_1_70' title='bbox 292 834 599 874; x_wconf 84' lang='lat' dir='ltr'><strong>consolatorem</strong></span> <span class='ocrx_word' id='word_1_71' title='bbox 618 833 850 889; x_wconf 71' lang='lat' dir='ltr'><strong>negamus?</strong></span> 
     </span>
    </p>

    <p class='ocr_par' dir='ltr' id='par_1_3' title="bbox 30 902 1394 1999">
     <span class='ocr_line' id='line_1_10' title="bbox 86 902 1381 961; baseline 0 -15"><span class='ocrx_word' id='word_1_72' title='bbox 86 902 213 946; x_wconf 81' lang='lat' dir='ltr'>LXV.</span> <span class='ocrx_word' id='word_1_73' title='bbox 253 902 335 944; x_wconf 88' lang='lat' dir='ltr'><strong>Sed</strong></span> <span class='ocrx_word' id='word_1_74' title='bbox 366 903 482 944; x_wconf 89' lang='lat' dir='ltr'><strong>illum</strong></span> <span class='ocrx_word' id='word_1_75' title='bbox 508 918 659 960; x_wconf 84' lang='lat' dir='ltr'><strong>negare</strong></span> <span class='ocrx_word' id='word_1_76' title='bbox 688 918 770 945; x_wconf 88' lang='lat' dir='ltr'><strong>non</strong></span> <span class='ocrx_word' id='word_1_77' title='bbox 794 918 1029 961; x_wconf 88' lang='lat' dir='ltr'><strong>possumus.</strong></span> <span class='ocrx_word' id='word_1_78' title='bbox 1062 903 1183 946; x_wconf 76' lang='lat' dir='ltr'><strong>Absit</strong></span> <span class='ocrx_word' id='word_1_79' title='bbox 1204 905 1314 946; x_wconf 86' lang='lat' dir='ltr'><strong>enim</strong></span> <span class='ocrx_word' id='word_1_80' title='bbox 1337 913 1381 946; x_wconf 82' lang='lat' dir='ltr'><strong>ut</strong></span> 
     </span>
     <span class='ocr_line' id='line_1_11' title="bbox 31 973 1381 1030; baseline 0.001 -15"><span class='ocrx_word' id='word_1_81' title='bbox 31 988 229 1030; x_wconf 79' lang='lat' dir='ltr'><strong>negemus</strong></span> <span class='ocrx_word' id='word_1_82' title='bbox 251 975 362 1029; x_wconf 87' lang='lat' dir='ltr'><strong>quod</strong></span> <span class='ocrx_word' id='word_1_83' title='bbox 387 973 614 1014; x_wconf 86' lang='lat' dir='ltr'><strong>maximum</strong></span> <span class='ocrx_word' id='word_1_84' title='bbox 641 982 720 1020; x_wconf 82' lang='lat' dir='ltr'><strong>est,</strong></span> <span class='ocrx_word' id='word_1_85' title='bbox 745 989 840 1015; x_wconf 90' lang='lat' dir='ltr'><strong>eum</strong></span> <span class='ocrx_word' id='word_1_86' title='bbox 866 973 1092 1030; x_wconf 81' lang='lat' dir='ltr'><strong>Apostolus</strong></span> <span class='ocrx_word' id='word_1_87' title='bbox 1111 973 1222 1016; x_wconf 85' lang='lat' dir='ltr'><strong>dieat</strong></span> <span class='ocrx_word' id='word_1_88' title='bbox 1242 990 1279 1016; x_wconf 85' lang='lat'><strong>:«</strong></span> <span class='ocrx_word' id='word_1_89' title='bbox 1302 975 1381 1016; x_wconf 83' lang='lat' dir='ltr'><strong>vos</strong></span> 
     </span>
     <span class='ocr_line' id='line_1_12' title="bbox 32 1042 1379 1100; baseline 0.001 -17"><span class='ocrx_word' id='word_1_90' title='bbox 32 1062 47 1083; x_wconf 74' lang='grc' dir='ltr'><strong>ι»</strong></span> <span class='ocrx_word' id='word_1_91' title='bbox 63 1051 200 1085; x_wconf 88' lang='lat' dir='ltr'><strong>autem</strong></span> <span class='ocrx_word' id='word_1_92' title='bbox 218 1076 228 1092; x_wconf 91' lang='lat'>,</span> <span class='ocrx_word' id='word_1_93' title='bbox 254 1043 424 1090; x_wconf 82' lang='lat' dir='ltr'><strong>fratres,</strong></span> <span class='ocrx_word' id='word_1_94' title='bbox 452 1043 682 1084; x_wconf 76' lang='lat' dir='ltr'><strong>secundum</strong></span> <span class='ocrx_word' id='word_1_95' title='bbox 707 1043 822 1085; x_wconf 89' lang='lat' dir='ltr'><strong>Isaac</strong></span> <span class='ocrx_word' id='word_1_96' title='bbox 846 1043 1134 1100; x_wconf 84' lang='lat' dir='ltr'><strong>promissionis</strong></span> <span class='ocrx_word' id='word_1_97' title='bbox 1160 1042 1233 1085; x_wconf 87' lang='lat' dir='ltr'><strong>filii</strong></span> <span class='ocrx_word' id='word_1_98' title='bbox 1252 1045 1348 1086; x_wconf 88' lang='lat' dir='ltr'><strong>estis</strong></span> <span class='ocrx_word' id='word_1_99' title='bbox 1371 1059 1379 1085; x_wconf 91' lang='lat'><strong>:</strong></span> 
     </span>
     <span class='ocr_line' id='line_1_13' title="bbox 30 1112 1385 1170; baseline 0.001 -18"><span class='ocrx_word' id='word_1_100' title='bbox 30 1115 135 1155; x_wconf 88' lang='lat' dir='ltr'><strong>»sed</strong></span> <span class='ocrx_word' id='word_1_101' title='bbox 158 1113 266 1154; x_wconf 88' lang='lat' dir='ltr'><strong>sicut</strong></span> <span class='ocrx_word' id='word_1_102' title='bbox 300 1121 400 1154; x_wconf 87' lang='lat' dir='ltr'><strong>tunc</strong></span> <span class='ocrx_word' id='word_1_103' title='bbox 443 1112 512 1168; x_wconf 90' lang='lat' dir='ltr'><strong>qui</strong></span> <span class='ocrx_word' id='word_1_104' title='bbox 537 1114 770 1154; x_wconf 87' lang='lat' dir='ltr'><strong>secundum</strong></span> <span class='ocrx_word' id='word_1_105' title='bbox 796 1127 966 1154; x_wconf 85' lang='lat' dir='ltr'><strong>carnem</strong></span> <span class='ocrx_word' id='word_1_106' title='bbox 1011 1121 1132 1154; x_wconf 88' lang='lat' dir='ltr'><strong>natus</strong></span> <span class='ocrx_word' id='word_1_107' title='bbox 1161 1121 1245 1161; x_wconf 87' lang='lat' dir='ltr'><strong>est,</strong></span> <span class='ocrx_word' id='word_1_108' title='bbox 1286 1129 1385 1170; x_wconf 85' lang='lat' dir='ltr'><strong>per-</strong></span> 
     </span>
     <span class='ocr_line' id='line_1_14' title="bbox 33 1181 1384 1238; baseline 0.001 -16"><span class='ocrx_word' id='word_1_109' title='bbox 33 1183 317 1238; x_wconf 78' lang='lat' dir='ltr'><strong>»sequebatur</strong></span> <span class='ocrx_word' id='word_1_110' title='bbox 355 1196 451 1222; x_wconf 86' lang='lat' dir='ltr'><strong>eum</strong></span> <span class='ocrx_word' id='word_1_111' title='bbox 500 1182 569 1237; x_wconf 89' lang='lat' dir='ltr'><strong>qui</strong></span> <span class='ocrx_word' id='word_1_112' title='bbox 606 1182 839 1223; x_wconf 85' lang='lat' dir='ltr'><strong>secundum</strong></span> <span class='ocrx_word' id='word_1_113' title='bbox 888 1181 1137 1238; x_wconf 85' lang='lat' dir='ltr'><strong>Spiritum¹.</strong></span> <span class='ocrx_word' id='word_1_114' title='bbox 1172 1200 1186 1221; x_wconf 75' lang='lat' dir='ltr'><strong><em>n</em></strong></span> <span class='ocrx_word' id='word_1_115' title='bbox 1227 1182 1384 1223; x_wconf 86' lang='lat' dir='ltr'><strong>Iterum</strong></span> 
     </span>
     <span class='ocr_line' id='line_1_15' title="bbox 34 1251 1386 1309; baseline 0 -15"><span class='ocrx_word' id='word_1_116' title='bbox 34 1253 178 1309; x_wconf 91' lang='lat' dir='ltr'><strong>utique</strong></span> <span class='ocrx_word' id='word_1_117' title='bbox 202 1253 451 1294; x_wconf 82' lang='lat' dir='ltr'><strong>subauditur</strong></span> <span class='ocrx_word' id='word_1_118' title='bbox 476 1253 527 1293; x_wconf 90' lang='lat' dir='ltr'><strong>de</strong></span> <span class='ocrx_word' id='word_1_119' title='bbox 557 1252 868 1309; x_wconf 89' lang='lat' dir='ltr'><strong>superioribus,</strong></span> <span class='ocrx_word' id='word_1_120' title='bbox 899 1252 969 1308; x_wconf 88' lang='lat' dir='ltr'><strong>qui</strong></span> <span class='ocrx_word' id='word_1_121' title='bbox 998 1251 1229 1294; x_wconf 87' lang='lat' dir='ltr'><strong>secundum</strong></span> <span class='ocrx_word' id='word_1_122' title='bbox 1253 1253 1386 1309; x_wconf 86' lang='lat' dir='ltr'><strong>Spiri-</strong></span> 
     </span>
     <span class='ocr_line' id='line_1_16' title="bbox 35 1322 1391 1379; baseline 0.001 -16"><span class='ocrx_word' id='word_1_123' title='bbox 35 1331 122 1364; x_wconf 86' lang='lat' dir='ltr'><strong>tum</strong></span> <span class='ocrx_word' id='word_1_124' title='bbox 147 1331 266 1365; x_wconf 85' lang='lat' dir='ltr'><strong>natus</strong></span> <span class='ocrx_word' id='word_1_125' title='bbox 291 1332 363 1364; x_wconf 86' lang='lat' dir='ltr'><strong>est.</strong></span> <span class='ocrx_word' id='word_1_126' title='bbox 391 1322 474 1373; x_wconf 85' lang='lat' dir='ltr'><strong>Qui</strong></span> <span class='ocrx_word' id='word_1_127' title='bbox 495 1337 594 1378; x_wconf 86' lang='lat' dir='ltr'><strong>ergo</strong></span> <span class='ocrx_word' id='word_1_128' title='bbox 618 1324 850 1364; x_wconf 82' lang='lat' dir='ltr'><strong>secundum</strong></span> <span class='ocrx_word' id='word_1_129' title='bbox 872 1322 1075 1379; x_wconf 86' lang='lat' dir='ltr'><strong>Spiritum</strong></span> <span class='ocrx_word' id='word_1_130' title='bbox 1102 1323 1305 1371; x_wconf 85' lang='lat' dir='ltr'><strong>nascitur,</strong></span> <span class='ocrx_word' id='word_1_131' title='bbox 1330 1338 1391 1364; x_wconf 91' lang='lat' dir='ltr'><strong>se-</strong></span> 
     </span>
     <span class='ocr_line' id='line_1_17' title="bbox 36 1393 1389 1449; baseline 0 -14"><span class='ocrx_word' id='word_1_132' title='bbox 36 1395 220 1435; x_wconf 90' lang='lat' dir='ltr'><strong>cundum</strong></span> <span class='ocrx_word' id='word_1_133' title='bbox 255 1394 387 1434; x_wconf 82' lang='lat' dir='ltr'><strong>Deum</strong></span> <span class='ocrx_word' id='word_1_134' title='bbox 417 1394 617 1434; x_wconf 86' lang='lat' dir='ltr'><strong>nascitur.</strong></span> <span class='ocrx_word' id='word_1_135' title='bbox 664 1393 941 1436; x_wconf 82' lang='lat' dir='ltr'><strong>Renascimur</strong></span> <span class='ocrx_word' id='word_1_136' title='bbox 973 1400 1138 1440; x_wconf 81' lang='lat' dir='ltr'><strong>autem.</strong></span> <span class='ocrx_word' id='word_1_137' title='bbox 1163 1395 1330 1449; x_wconf 86' lang='lat' dir='ltr'><strong>quando</strong></span> <span class='ocrx_word' id='word_1_138' title='bbox 1348 1393 1389 1435; x_wconf 92' lang='lat' dir='ltr'><strong>in</strong></span> 
     </span>
     <span class='ocr_line' id='line_1_18' title="bbox 35 1462 1388 1511; baseline -0.001 -7"><span class='ocrx_word' id='word_1_139' title='bbox 35 1463 233 1505; x_wconf 85' lang='lat' dir='ltr'><strong>interiore</strong></span> <span class='ocrx_word' id='word_1_140' title='bbox 255 1478 508 1505; x_wconf 82' lang='lat' dir='ltr'><strong>renovamur</strong></span> <span class='ocrx_word' id='word_1_141' title='bbox 530 1462 700 1511; x_wconf 76' lang='lat' dir='ltr'><strong>affecttl,</strong></span> <span class='ocrx_word' id='word_1_142' title='bbox 720 1471 760 1504; x_wconf 89' lang='lat' dir='ltr'><strong>et</strong></span> <span class='ocrx_word' id='word_1_143' title='bbox 778 1462 995 1505; x_wconf 81' lang='lat' dir='ltr'><strong>exterioris</strong></span> <span class='ocrx_word' id='word_1_144' title='bbox 1018 1462 1200 1504; x_wconf 88' lang='lat' dir='ltr'><strong>hominis</strong></span> <span class='ocrx_word' id='word_1_145' title='bbox 1212 1471 1388 1505; x_wconf 81' lang='lat' dir='ltr'><strong>vetusta-</strong></span> 
     </span>
     <span class='ocr_line' id='line_1_19' title="bbox 37 1532 1391 1590; baseline 0 -16"><span class='ocrx_word' id='word_1_146' title='bbox 37 1541 120 1575; x_wconf 81' lang='lat' dir='ltr'><strong>tem</strong></span> <span class='ocrx_word' id='word_1_147' title='bbox 152 1533 412 1590; x_wconf 85' lang='lat' dir='ltr'><strong>deponimus.</strong></span> <span class='ocrx_word' id='word_1_148' title='bbox 443 1533 491 1573; x_wconf 83' lang='lat' dir='ltr'><strong>Et</strong></span> <span class='ocrx_word' id='word_1_149' title='bbox 521 1533 613 1574; x_wconf 89' lang='lat' dir='ltr'><strong>ideo</strong></span> <span class='ocrx_word' id='word_1_150' title='bbox 638 1533 693 1574; x_wconf 85' lang='lat' dir='ltr'><strong>ait</strong></span> <span class='ocrx_word' id='word_1_151' title='bbox 715 1533 866 1574; x_wconf 88' lang='lat' dir='ltr'><strong>iterum</strong></span> <span class='ocrx_word' id='word_1_152' title='bbox 889 1532 1143 1589; x_wconf 86' lang='lat' dir='ltr'><strong>Apostolus:</strong></span> <span class='ocrx_word' id='word_1_153' title='bbox 1168 1550 1183 1570; x_wconf 67' lang='lat' dir='ltr'><strong>a</strong></span> <span class='ocrx_word' id='word_1_154' title='bbox 1205 1533 1391 1574; x_wconf 86' lang='lat' dir='ltr'><strong>Renova-</strong></span> 
     </span>
     <span class='ocr_line' id='line_1_20' title="bbox 36 1602 1370 1659; baseline 0 -16"><span class='ocrx_word' id='word_1_155' title='bbox 36 1602 167 1644; x_wconf 77' lang='lat' dir='ltr'><strong>»mini</strong></span> <span class='ocrx_word' id='word_1_156' title='bbox 184 1611 320 1644; x_wconf 86' lang='lat' dir='ltr'><strong>autem</strong></span> <span class='ocrx_word' id='word_1_157' title='bbox 340 1602 492 1659; x_wconf 85' lang='lat' dir='ltr'><strong>Spiritu</strong></span> <span class='ocrx_word' id='word_1_158' title='bbox 520 1603 669 1644; x_wconf 86' lang='lat' dir='ltr'><strong>mentis</strong></span> <span class='ocrx_word' id='word_1_159' title='bbox 694 1612 864 1651; x_wconf 64' lang='lat' dir='ltr'><strong>vestrae,</strong></span> <span class='ocrx_word' id='word_1_160' title='bbox 886 1611 928 1644; x_wconf 90' lang='lat' dir='ltr'><strong>et</strong></span> <span class='ocrx_word' id='word_1_161' title='bbox 952 1602 1113 1643; x_wconf 87' lang='lat' dir='ltr'><strong>induite</strong></span> <span class='ocrx_word' id='word_1_162' title='bbox 1135 1616 1290 1643; x_wconf 88' lang='lat' dir='ltr'><strong>novum</strong></span> <span class='ocrx_word' id='word_1_163' title='bbox 1316 1602 1370 1643; x_wconf 89' lang='lat' dir='ltr'><strong>ho</strong></span> 
     </span>
     <span class='ocr_line' id='line_1_21' title="bbox 38 1670 1391 1729; baseline -0.001 -15"><span class='ocrx_word' id='word_1_164' title='bbox 38 1673 245 1722; x_wconf 68' lang='lat' dir='ltr'><strong>nminem,</strong></span> <span class='ocrx_word' id='word_1_165' title='bbox 272 1673 342 1729; x_wconf 88' lang='lat' dir='ltr'><strong>qui</strong></span> <span class='ocrx_word' id='word_1_166' title='bbox 373 1673 606 1714; x_wconf 84' lang='lat' dir='ltr'><strong>secundum</strong></span> <span class='ocrx_word' id='word_1_167' title='bbox 631 1673 766 1715; x_wconf 84' lang='lat' dir='ltr'><strong>Deum</strong></span> <span class='ocrx_word' id='word_1_168' title='bbox 790 1681 955 1713; x_wconf 90' lang='lat' dir='ltr'><strong>creatus</strong></span> <span class='ocrx_word' id='word_1_169' title='bbox 978 1679 1039 1713; x_wconf 89' lang='lat' dir='ltr'><strong>est</strong></span> <span class='ocrx_word' id='word_1_170' title='bbox 1062 1671 1103 1712; x_wconf 86' lang='lat' dir='ltr'><strong>in</strong></span> <span class='ocrx_word' id='word_1_171' title='bbox 1130 1670 1323 1719; x_wconf 84' lang='lat' dir='ltr'><strong>veritate,</strong></span> <span class='ocrx_word' id='word_1_172' title='bbox 1348 1681 1391 1713; x_wconf 88' lang='lat' dir='ltr'><strong>et</strong></span> 
     </span>
     <span class='ocr_line' id='line_1_22' title="bbox 37 1741 1394 1798; baseline 0 -17"><span class='ocrx_word' id='word_1_173' title='bbox 37 1741 250 1798; x_wconf 73' lang='lat' dir='ltr'><strong>»justiti-a,</strong></span> <span class='ocrx_word' id='word_1_174' title='bbox 270 1751 312 1784; x_wconf 82' lang='lat' dir='ltr'><strong>et</strong></span> <span class='ocrx_word' id='word_1_175' title='bbox 329 1741 590 1784; x_wconf 68' lang='lat' dir='ltr'><strong>sanctitate2.</strong></span> <span class='ocrx_word' id='word_1_176' title='bbox 622 1760 637 1780; x_wconf 72' lang='grc' dir='ltr'><strong><em>ι</em></strong></span> <span class='ocrx_word' id='word_1_177' title='bbox 660 1742 847 1783; x_wconf 89' lang='lat' dir='ltr'><strong>Audiant</strong></span> <span class='ocrx_word' id='word_1_178' title='bbox 874 1741 1230 1797; x_wconf 82' lang='lat' dir='ltr'><strong>quemadmodum</strong></span> <span class='ocrx_word' id='word_1_179' title='bbox 1256 1741 1394 1782; x_wconf 83' lang='lat' dir='ltr'><strong>unita-</strong></span> 
     </span>
     <span class='ocr_line' id='line_1_23' title="bbox 39 1811 1394 1870; baseline -0.001 -16"><span class='ocrx_word' id='word_1_180' title='bbox 39 1820 122 1854; x_wconf 82' lang='lat' dir='ltr'><strong>tem</strong></span> <span class='ocrx_word' id='word_1_181' title='bbox 142 1813 288 1854; x_wconf 87' lang='lat' dir='ltr'><strong>divinae</strong></span> <span class='ocrx_word' id='word_1_182' title='bbox 303 1813 554 1870; x_wconf 85' lang='lat' dir='ltr'><strong>operationis</strong></span> <span class='ocrx_word' id='word_1_183' title='bbox 574 1812 788 1870; x_wconf 80' lang='lat' dir='ltr'><strong>Scriptura</strong></span> <span class='ocrx_word' id='word_1_184' title='bbox 807 1812 1042 1869; x_wconf 84' lang='lat' dir='ltr'><strong>signaverit.</strong></span> <span class='ocrx_word' id='word_1_185' title='bbox 1068 1811 1150 1862; x_wconf 87' lang='lat' dir='ltr'><strong>Qui</strong></span> <span class='ocrx_word' id='word_1_186' title='bbox 1169 1820 1394 1853; x_wconf 79' lang='lat' dir='ltr'><strong>renovatur</strong></span> 
     </span>
     <span class='ocr_line' id='line_1_24' title="bbox 40 1880 1391 1940; baseline -0.003 -15"><span class='ocrx_word' id='word_1_187' title='bbox 40 1884 198 1940; x_wconf 83' lang='lat' dir='ltr'><strong>Spiritu</strong></span> <span class='ocrx_word' id='word_1_188' title='bbox 228 1885 402 1931; x_wconf 84' lang='lat' dir='ltr'><strong>mentis,</strong></span> <span class='ocrx_word' id='word_1_189' title='bbox 439 1884 573 1925; x_wconf 86' lang='lat' dir='ltr'><strong>induit</strong></span> <span class='ocrx_word' id='word_1_190' title='bbox 603 1898 758 1925; x_wconf 81' lang='lat' dir='ltr'><strong>novum</strong></span> <span class='ocrx_word' id='word_1_191' title='bbox 795 1881 1035 1929; x_wconf 89' lang='lat' dir='ltr'><strong>hominem,</strong></span> <span class='ocrx_word' id='word_1_192' title='bbox 1061 1880 1134 1936; x_wconf 86' lang='lat' dir='ltr'><strong>qui</strong></span> <span class='ocrx_word' id='word_1_193' title='bbox 1158 1881 1391 1922; x_wconf 87' lang='lat' dir='ltr'><strong>secundum</strong></span> 
     </span>
     <span class='ocr_line' id='line_1_25' title="bbox 40 1957 451 1999; baseline -0.01 0"><span class='ocrx_word' id='word_1_194' title='bbox 40 1957 175 1999; x_wconf 89' lang='lat' dir='ltr'><strong>Deum</strong></span> <span class='ocrx_word' id='word_1_195' title='bbox 191 1964 354 1997; x_wconf 86' lang='lat' dir='ltr'><strong>creatus</strong></span> <span class='ocrx_word' id='word_1_196' title='bbox 377 1962 451 1995; x_wconf 75' lang='lat' dir='ltr'><strong>est·</strong></span> 
     </span>
    </p>

    <p class='ocr_par' dir='ltr' id='par_1_4' title="bbox 31 2019 1398 2288">
     <span class='ocr_line' id='line_1_26' title="bbox 99 2019 1393 2081; baseline -0.005 -12"><span class='ocrx_word' id='word_1_197' title='bbox 99 2026 245 2069; x_wconf 82' lang='lat' dir='ltr'>LXVI.</span> <span class='ocrx_word' id='word_1_198' title='bbox 286 2025 426 2067; x_wconf 86' lang='lat' dir='ltr'><strong>Sancti</strong></span> <span class='ocrx_word' id='word_1_199' title='bbox 459 2024 583 2081; x_wconf 87' lang='lat' dir='ltr'><strong>igitur</strong></span> <span class='ocrx_word' id='word_1_200' title='bbox 613 2022 790 2080; x_wconf 85' lang='lat' dir='ltr'><strong>Spiritus</strong></span> <span class='ocrx_word' id='word_1_201' title='bbox 819 2036 924 2079; x_wconf 89' lang='lat' dir='ltr'><strong>opus</strong></span> <span class='ocrx_word' id='word_1_202' title='bbox 947 2029 1007 2062; x_wconf 88' lang='lat' dir='ltr'><strong>est</strong></span> <span class='ocrx_word' id='word_1_203' title='bbox 1032 2019 1294 2077; x_wconf 84' lang='lat' dir='ltr'><strong>regeneratio</strong></span> <span class='ocrx_word' id='word_1_204' title='bbox 1318 2019 1393 2062; x_wconf 83' lang='lat' dir='ltr'><strong>ista</strong></span> 
     </span>
     <span class='ocr_line' id='line_1_27' title="bbox 44 2091 1392 2157; baseline -0.007 -17"><span class='ocrx_word' id='word_1_205' title='bbox 44 2097 327 2157; x_wconf 79' lang='lat' dir='ltr'><strong>praestanti0r3</strong></span> <span class='ocrx_word' id='word_1_206' title='bbox 357 2105 397 2138; x_wconf 91' lang='lat' dir='ltr'><strong>et</strong></span> <span class='ocrx_word' id='word_1_207' title='bbox 424 2095 518 2137; x_wconf 84' lang='lat' dir='ltr'><strong>novi</strong></span> <span class='ocrx_word' id='word_1_208' title='bbox 545 2094 669 2150; x_wconf 83' lang='lat' dir='ltr'><strong>hujus</strong></span> <span class='ocrx_word' id='word_1_209' title='bbox 692 2093 872 2135; x_wconf 88' lang='lat' dir='ltr'><strong>hominis</strong></span> <span class='ocrx_word' id='word_1_210' title='bbox 889 2126 897 2139; x_wconf 87' lang='lat'><em>,</em></span> <span class='ocrx_word' id='word_1_211' title='bbox 921 2092 991 2148; x_wconf 89' lang='lat' dir='ltr'><strong>qui</strong></span> <span class='ocrx_word' id='word_1_212' title='bbox 1015 2098 1184 2149; x_wconf 84' lang='lat' dir='ltr'><strong>creatur</strong></span> <span class='ocrx_word' id='word_1_213' title='bbox 1208 2092 1257 2132; x_wconf 88' lang='lat' dir='ltr'><strong>ad</strong></span> <span class='ocrx_word' id='word_1_214' title='bbox 1288 2091 1392 2132; x_wconf 90' lang='lat' dir='ltr'><strong>ima-</strong></span> 
     </span>
     <span class='ocr_line' id='line_1_28' title="bbox 45 2160 1392 2230; baseline -0.01 -16"><span class='ocrx_word' id='word_1_215' title='bbox 45 2174 181 2230; x_wconf 66' lang='lat' dir='ltr'><strong>ginem</strong></span> <span class='ocrx_word' id='word_1_216' title='bbox 201 2171 291 2217; x_wconf 87' lang='lat' dir='ltr'><strong>Dei,</strong></span> <span class='ocrx_word' id='word_1_217' title='bbox 313 2176 459 2209; x_wconf 81' lang='lat' dir='ltr'><strong>auctor</strong></span> <span class='ocrx_word' id='word_1_218' title='bbox 473 2174 533 2206; x_wconf 83' lang='lat' dir='ltr'><strong>est</strong></span> <span class='ocrx_word' id='word_1_219' title='bbox 550 2163 751 2221; x_wconf 86' lang='lat' dir='ltr'><strong>Spiritus:</strong></span> <span class='ocrx_word' id='word_1_220' title='bbox 773 2178 895 2219; x_wconf 90' lang='lat' dir='ltr'><strong>quem</strong></span> <span class='ocrx_word' id='word_1_221' title='bbox 915 2162 1058 2218; x_wconf 88' lang='lat' dir='ltr'><strong>utique</strong></span> <span class='ocrx_word' id='word_1_222' title='bbox 1076 2161 1293 2202; x_wconf 85' lang='lat' dir='ltr'><strong>meliorem</strong></span> <span class='ocrx_word' id='word_1_223' title='bbox 1312 2160 1392 2201; x_wconf 83' lang='lat' dir='ltr'><strong>hoc</strong></span> 
     </span>
     <span class='ocr_line' id='line_1_29' title="bbox 31 2229 1398 2288; baseline -0.011 -4"><span class='ocrx_word' id='word_1_224' title='bbox 31 2241 250 2288; x_wconf 61' lang='lat' dir='ltr'><strong>,exteriore</strong></span> <span class='ocrx_word' id='word_1_225' title='bbox 273 2254 362 2280; x_wconf 89' lang='lat' dir='ltr'><strong>esse</strong></span> <span class='ocrx_word' id='word_1_226' title='bbox 391 2245 532 2278; x_wconf 86' lang='lat' dir='ltr'><strong>nostro</strong></span> <span class='ocrx_word' id='word_1_227' title='bbox 571 2234 741 2276; x_wconf 88' lang='lat' dir='ltr'><strong>homine</strong></span> <span class='ocrx_word' id='word_1_228' title='bbox 781 2247 903 2275; x_wconf 88' lang='lat' dir='ltr'><strong>nemo</strong></span> <span class='ocrx_word' id='word_1_229' title='bbox 948 2230 1216 2274; x_wconf 83' lang='lat' dir='ltr'><strong>dubitaverit.</strong></span> <span class='ocrx_word' id='word_1_230' title='bbox 1261 2229 1398 2285; x_wconf 90' lang='lat' dir='ltr'><strong>Siqui-</strong></span> 
     </span>
    </p>

    <p class='ocr_par' dir='ltr' id='par_1_5' title="bbox 47 2299 1397 2439">
     <span class='ocr_line' id='line_1_30' title="bbox 78 2299 1397 2356; baseline -0.011 -3"><span class='ocrx_word' id='word_1_231' title='bbox 78 2327 142 2353; x_wconf 81' lang='lat' dir='ltr'><strong>em</strong></span> <span class='ocrx_word' id='word_1_232' title='bbox 180 2310 391 2353; x_wconf 87' lang='lat' dir='ltr'><strong>coelestem</strong></span> <span class='ocrx_word' id='word_1_233' title='bbox 436 2308 612 2348; x_wconf 85' lang='lat' dir='ltr'><strong>alterum</strong></span> <span class='ocrx_word' id='word_1_234' title='bbox 634 2336 645 2353; x_wconf 86' lang='lat'><em>‚</em></span> <span class='ocrx_word' id='word_1_235' title='bbox 693 2312 907 2345; x_wconf 86' lang='lat' dir='ltr'><strong>terrenum</strong></span> <span class='ocrx_word' id='word_1_236' title='bbox 959 2303 1137 2344; x_wconf 88' lang='lat' dir='ltr'><strong>alterum</strong></span> <span class='ocrx_word' id='word_1_237' title='bbox 1173 2299 1397 2356; x_wconf 85' lang='lat' dir='ltr'><strong>Apostolus</strong></span> 
     </span>
     <span class='ocr_line' id='line_1_31' title="bbox 47 2367 1387 2439; baseline -0.01 -16"><span class='ocrx_word' id='word_1_238' title='bbox 47 2380 294 2439; x_wconf 79' lang='lat' dir='ltr'><strong>significavit</strong></span> <span class='ocrx_word' id='word_1_239' title='bbox 312 2378 480 2420; x_wconf 89' lang='lat' dir='ltr'><strong>dicens:</strong></span> <span class='ocrx_word' id='word_1_240' title='bbox 503 2394 517 2413; x_wconf 85' lang='grc' dir='ltr'><strong>α</strong></span> <span class='ocrx_word' id='word_1_241' title='bbox 542 2374 687 2426; x_wconf 88' lang='lat' dir='ltr'><strong>Qualis</strong></span> <span class='ocrx_word' id='word_1_242' title='bbox 710 2373 887 2416; x_wconf 69' lang='lat' dir='ltr'><strong>coelestis</strong></span> <span class='ocrx_word' id='word_1_243' title='bbox 903 2405 913 2422; x_wconf 86' lang='lat'><em>,</em></span> <span class='ocrx_word' id='word_1_244' title='bbox 933 2373 1033 2414; x_wconf 36' lang='lat' dir='ltr'><strong>tales</strong></span> <span class='ocrx_word' id='word_1_245' title='bbox 1055 2381 1096 2413; x_wconf 88' lang='lat' dir='ltr'><strong>et</strong></span> <span class='ocrx_word' id='word_1_246' title='bbox 1119 2367 1348 2413; x_wconf 78' lang='lat' dir='ltr'><strong>coelestes³.</strong></span> <span class='ocrx_word' id='word_1_247' title='bbox 1371 2387 1387 2407; x_wconf 71' lang='grc' dir='ltr'><strong>ι»</strong></span> 
     </span>
    </p>

    <p class='ocr_par' dir='ltr' id='par_1_6' title="bbox 106 2439 1396 2503">
     <span class='ocr_line' id='line_1_32' title="bbox 106 2439 1396 2503; baseline -0.011 -10"><span class='ocrx_word' id='word_1_248' title='bbox 106 2449 274 2493; x_wconf 73' lang='lat' dir='ltr'><strong>LXVII.</strong></span> <span class='ocrx_word' id='word_1_249' title='bbox 312 2448 420 2503; x_wconf 83' lang='lat' dir='ltr'><strong>Ergo</strong></span> <span class='ocrx_word' id='word_1_250' title='bbox 461 2460 557 2487; x_wconf 89' lang='lat' dir='ltr'><strong>cum</strong></span> <span class='ocrx_word' id='word_1_251' title='bbox 591 2445 804 2486; x_wconf 88' lang='lat' dir='ltr'><strong>coelestem</strong></span> <span class='ocrx_word' id='word_1_252' title='bbox 844 2443 968 2485; x_wconf 85' lang='lat' dir='ltr'><strong>saciat</strong></span> <span class='ocrx_word' id='word_1_253' title='bbox 1001 2442 1130 2499; x_wconf 86' lang='lat' dir='ltr'><strong>gratia</strong></span> <span class='ocrx_word' id='word_1_254' title='bbox 1178 2439 1396 2496; x_wconf 85' lang='lat' dir='ltr'><strong>spiritalis,</strong></span> 
     </span>
    </p>

    <p class='ocr_par' dir='ltr' id='par_1_7' title="bbox 50 2510 1402 2579">
     <span class='ocr_line' id='line_1_33' title="bbox 50 2510 1402 2579; baseline -0.01 -16"><span class='ocrx_word' id='word_1_255' title='bbox 50 2523 161 2579; x_wconf 85' lang='lat' dir='ltr'><strong>quod</strong></span> <span class='ocrx_word' id='word_1_256' title='bbox 197 2528 410 2562; x_wconf 81' lang='lat' dir='ltr'><strong>terrenum</strong></span> <span class='ocrx_word' id='word_1_257' title='bbox 440 2531 582 2559; x_wconf 87' lang='lat' dir='ltr'><strong>creare</strong></span> <span class='ocrx_word' id='word_1_258' title='bbox 610 2515 764 2572; x_wconf 84' lang='lat' dir='ltr'><strong>possit,</strong></span> <span class='ocrx_word' id='word_1_259' title='bbox 794 2515 918 2556; x_wconf 81' lang='lat' dir='ltr'><strong>etiam</strong></span> <span class='ocrx_word' id='word_1_260' title='bbox 953 2528 1076 2555; x_wconf 79' lang='lat' dir='ltr'><strong>sensu</strong></span> <span class='ocrx_word' id='word_1_261' title='bbox 1106 2511 1308 2553; x_wconf 77' lang='lat' dir='ltr'><strong>debemus</strong></span> <span class='ocrx_word' id='word_1_262' title='bbox 1334 2510 1402 2551; x_wconf 86' lang='lat' dir='ltr'><strong>ad-</strong></span> 
     </span>
    </p>
   </div>
   <div class='ocr_carea' id='block_1_3' title="bbox 97 2601 1238 2650">
    <p class='ocr_par' dir='ltr' id='par_1_8' title="bbox 97 2601 1238 2650">
     <span class='ocr_line' id='line_1_34' title="bbox 97 2601 1238 2650; baseline -0.002 -14"><span class='ocrx_word' id='word_1_263' title='bbox 97 2622 103 2636; x_wconf 76' lang='grc' dir='ltr'>ι</span> <span class='ocrx_word' id='word_1_264' title='bbox 129 2612 232 2644; x_wconf 68' lang='lat' dir='ltr'><strong>Galat.</strong></span> <span class='ocrx_word' id='word_1_265' title='bbox 255 2620 296 2648; x_wconf 79' lang='grc' dir='ltr'><strong>ιτ,</strong></span> <span class='ocrx_word' id='word_1_266' title='bbox 315 2609 366 2647; x_wconf 75' lang='lat'><strong>28,</strong></span> <span class='ocrx_word' id='word_1_267' title='bbox 387 2620 436 2650; x_wconf 69' lang='lat'><strong>29·</strong></span> <span class='ocrx_word' id='word_1_268' title='bbox 459 2626 497 2631; x_wconf 90' lang='lat'><strong>—-</strong></span> <span class='ocrx_word' id='word_1_269' title='bbox 520 2615 530 2629; x_wconf 88' lang='lat'>²</span> <span class='ocrx_word' id='word_1_270' title='bbox 554 2607 670 2649; x_wconf 76' lang='lat' dir='ltr'><strong>Ephes.</strong></span> <span class='ocrx_word' id='word_1_271' title='bbox 695 2616 736 2640; x_wconf 77' lang='grc' dir='ltr'><strong>ιν,</strong></span> <span class='ocrx_word' id='word_1_272' title='bbox 759 2605 807 2639; x_wconf 80' lang='lat'><strong>25,</strong></span> <span class='ocrx_word' id='word_1_273' title='bbox 829 2605 879 2643; x_wconf 63' lang='grc' dir='ltr'><strong>υἱ.</strong></span> <span class='ocrx_word' id='word_1_274' title='bbox 903 2623 939 2629; x_wconf 93' lang='grc'>-</span> <span class='ocrx_word' id='word_1_275' title='bbox 961 2606 972 2627; x_wconf 83' lang='lat'>³</span> <span class='ocrx_word' id='word_1_276' title='bbox 995 2615 1002 2634; x_wconf 84' lang='grc' dir='ltr'>ι</span> <span class='ocrx_word' id='word_1_277' title='bbox 1023 2603 1101 2635; x_wconf 66' lang='lat' dir='ltr'><strong>Cur.</strong></span> <span class='ocrx_word' id='word_1_278' title='bbox 1120 2601 1238 2639; x_wconf 59' lang='lat' dir='ltr'><strong>xv,18-</strong></span> 
     </span>
    </p>
   </div>
  </div>
 </body>
</html>
