1768 3283
337 313 420 363 482
887 325 918 351 S.
960 327 1150 352 Aniniaosii

397 403 504 446 CIII.
544 403 657 455 Quid
681 417 779 443 vero
802 410 887 442 tam
911 402 1033 442 unius
1058 411 1240 449 naturae,
1268 417 1394 458 quam
1426 417 1523 444 caro
1545 412 1684 446 nostra

337 488 433 515 cum
460 474 665 515 Doininici
692 473 881 528 corporis
914 472 1114 513 veritate?
1142 473 1321 513 Diversis
1344 481 1483 514 tamen
1507 482 1686 531 utraque

337 546 462 586 ducta
489 544 644 590 causis,
670 543 841 584 diversis
870 552 959 584 orta
989 544 1207 600 principiis
1230 553 1308 585 est.
1339 544 1445 585 Caro
1470 544 1581 586 enim
1598 545 1685 587 Do-

334 613 437 654 mini
468 612 626 669 Spiritu
654 613 693 651 iu
731 611 941 665 l‘irginem
972 612 1292 667 superveniente
1317 612 1560 669 generata¹,
1600 629 1685 655 non

332 683 565 739 expectavit
607 682 732 722 virilis
772 681 1042 737 foemineique
1079 685 1212 723 coitus
1247 683 1435 723 solemne
1477 697 1683 724 commer-

330 754 475 795 cium:
504 766 600 792 caro
633 767 728 792 vero
760 761 925 798 nostra,
957 752 1034 792 nisi
1068 752 1192 793 virilis
1233 752 1346 808 juxta
1374 752 1680 810 soemineusque

331 838 451 866 sexus
478 823 673 879 genitalia
708 823 831 863 sulcis
865 823 1126 863 naturalibus
1148 822 1334 863 obducat
1362 822 1545 873 semina,
1574 823 1682 866 intra

331 894 488 937 viscera
509 892 644 933 nescit
666 900 853 932 materna
878 894 1074 939 l'ormuri;
1100 901 1140 932 et
1163 901 1302 933 tamen
1326 906 1423 933 cum
1446 893 1683 949 generatio-

331 965 394 1006 nis
417 963 542 1003 l'uerit
558 977 682 1003 causa
706 963 881 1009 diversa,
910 963 1046 1002 caruis
1066 962 1263 1003 tamenin
1287 961 1454 1004 Christo
1480 977 1579 1004 cum
1605 962 1683 1005 ho-

276 1073 281 1075 .
329 1033 515 1076 minibus
538 1032 734 1073 omnibus
758 1046 838 1072 una
862 1040 1010 1072 natura
1029 1040 1106 1072 est.

387 1100 492 1143 CIV.
533 1101 680 1142 Partus
715 1101 827 1141 euim
858 1100 1036 1157 Virginis
1058 1116 1142 1142 non
1167 1109 1360 1143 naturam
1384 1101 1585 1152 mutavit,
1609 1103 1684 1145 sed

326 1171 554 1229 generandi
581 1186 700 1211 usum
722 1170 901 1212 novavit.
926 1171 1118 1228 Denique
1142 1187 1238 1213 caro
1263 1173 1314 1213 de
1333 1187 1459 1213 carne
1478 1180 1574 1214 nata
1603 1180 1680 1215 est.

327 1242 483 1283 Habuit
506 1256 606 1297 ergo
633 1244 684 1282 de
704 1256 779 1281 suo
805 1239 930 1297 Virgo
949 1273 957 1288 ‚
978 1242 1089 1298 quod
1110 1244 1320 1290 traderet3
1345 1257 1430 1283 non
1452 1242 1566 1284 enim
1590 1242 1686 1284 alie-

328 1327 431 1354 num
462 1312 576 1353 dedit
595 1322 744 1361 mater,
770 1314 844 1353 sed
867 1314 1085 1369 preprium
1104 1328 1126 1354 e
1143 1314 1374 1354 visceribus
1395 1313 1481 1354 suis
1502 1313 1687 1355 contulit

329 1383 525 1424 inusitato
543 1383 694 1430 modo,
715 1384 787 1423 sed
813 1385 964 1424 usitato
988 1399 1176 1425 munere.
1194 1383 1350 1424 Habuit
1368 1383 1494 1439 igitur
1515 1397 1686 1424 carnem

328 1452 479 1510 Virgo,
499 1468 624 1510 quam
646 1462 804 1494 naturae
822 1454 1021 1494 solemnis
1043 1453 1139 1510 jure
1167 1454 1428 1512 transcripsit
1453 1453 1493 1494 in
1517 1452 1681 1495 foetum.

327 1524 486 1567 Eadem
509 1525 635 1580 igitur
656 1525 889 1565 secundum
911 1539 1082 1566 carnem
1109 1525 1347 1582 generantis
1378 1524 1515 1566 Mariae
1530 1555 1541 1575 ,
1567 1523 1688 1584 geni-

330 1595 446 1650 tique
478 1604 654 1643 natura,
688 1610 766 1635 nee
794 1595 1003 1636 dissimilis
1036 1594 1258 1642 fratribus;
1291 1595 1387 1651 quia
1415 1593 1516 1636 dicit
1546 1593 1686 1650 Scrip-

331 1672 448 1713 tura,
473 1673 520 1705 ut
542 1680 613 1720 per
631 1665 771 1705 omnia
798 1665 942 1705 similis
961 1665 1158 1706 fratribus
1177 1663 1338 1706 fieret2.
1363 1662 1518 1704 Similis
1542 1663 1687 1720 utique

331 1736 408 1778 Dei
434 1736 563 1778 Filius
583 1738 712 1777 nostri
734 1752 816 1777 non
842 1738 1077 1777 secuudum
1101 1736 1335 1777 Divinitatis
1357 1734 1685 1793 plenitudinem,

332 1809 406 1849 sed
427 1806 661 1848 secundum
688 1807 835 1847 animae
866 1807 1123 1848 rationabilis
1139 1838 1150 1854 ,
1183 1815 1225 1848 et
1243 1815 1287 1847 ut
1311 1804 1547 1862 expressius
1570 1804 1686 1846 dica-

332 1895 426 1922 mus
443 1910 453 1927 ,
473 1878 646 1920 humani
671 1878 886 1934 nostrique
908 1879 1096 1935 corporis
1120 1878 1351 1920 veritatem.

394 1949 478 1991 CV.
517 1950 631 2000 Quid
650 1959 788 1990 autern
805 1950 855 1989 de
879 1949 967 2005 ipso
989 1950 1212 2005 loquamur
1231 1947 1410 1997 Adam‘,
1430 1947 1617 2004 quicum
1636 1946 1689 1988 sit

333 2020 539 2063 formatus
555 2020 693 2061 elimo
718 2029 859 2066 terrae,
882 2021 1097 2077 generavit
1118 2020 1263 2075 utique
1289 2019 1395 2060 filios
1417 2033 1501 2060 suae
1520 2031 1688 2060 consor-

336 2098 396 2131 tes
420 2098 579 2131 naturae
594 2122 603 2137 ‚
641 2091 863 2147 participes
881 2090 1349 2147 generis,successionis
1373 2086 1595 2130 haeredesi'
1615 2086 1688 2129 Di-

337 2177 453 2204 versa
481 2162 651 2217 quidem
674 2163 715 2202 in
750 2162 842 2204 siliis
869 2171 909 2203 et
939 2170 1114 2219 parente
1138 2161 1366 2219 principia,
1394 2161 1466 2202 sed
1495 2160 1687 2201 humanae

339 2232 589 2274 conditionis
621 2247 701 2273 una
734 2242 907 2279 natnra;
948 2248 1025 2274 nec
1061 2242 1200 2273 tamen
1238 2232 1532 2274 dissimilitudo
1571 2238 1687 2271 ortus

339 2304 600 2346 similitudini
643 2305 884 2345 substantiae
917 2303 1218 2360 praejudicavit.
1257 2304 1412 2346 Similis
1449 2317 1549 2359 ergo
1577 2299 1688 2343 filius

339 2376 445 2435 patri
468 2376 593 2417 etiam
619 2376 659 2416 iu
687 2376 772 2425 his,
798 2391 888 2432 quae
912 2386 1084 2432 propter
1107 2376 1299 2416 humauae
1323 2372 1576 2416 conditionis
1601 2372 1686 2414 sra-

337 2449 540 2505 gilitatem
562 2446 845 2488 similitudinis
867 2447 1170 2504 plenitudinem
1196 2446 1353 2487 habere
1374 2461 1457 2487 non
1482 2451 1652 2502 possent
1673 2458 1683 2485 ε

340 2519 552 2575 quomodo
579 2532 680 2575 ergo
701 2518 775 2559 Dei
791 2518 922 2559 Patris
947 2516 1154 2558 dissimilis
1180 2516 1306 2557 Filius
1330 2515 1482 2558 verus?

390 2621 394 2632 ¹
419 2610 496 2641 Luc.
512 2621 537 2649 ι,
554 2610 605 2645 55,
626 2627 663 2633 -
680 2619 691 2633 ·
710 2589 812 2642 Hebr.
833 2621 869 2648 ιι,
893 2620 942 2651 ¹7·
960 2627 999 2632 —
1024 2619 1036 2632 ¹
1054 2608 1136 2641 Gen.
1157 2618 1194 2643 ιι,
1219 2618 1263 2651 ¹7·
