1806 3256
532 258 583 284 1)ss
615 258 725 292 rina,
759 258 841 285 Lm.
881 259 932 286 iv.
1327 253 1409 310 169

10 326 13 374 f
54 345 115 379 tes
155 334 373 378 homines!
406 334 522 390 quasi
566 349 648 375 non
689 334 948 392 intelligant,
977 337 1079 392 quid
1107 338 1270 382 intersit
1302 341 1410 383 inter

8 384 12 466 i
53 405 302 465 prolativum
335 419 571 446 sermonem
595 438 605 453 ,
638 414 680 446 et
720 405 759 445 in
802 415 1008 447 :eternum
1049 422 1302 463 permanens
1335 411 1409 453 Dei

7 482 10 496 '
54 476 237 518 Verbum
267 491 315 516 ex
332 475 455 515 Patre
479 483 622 515 natum
651 489 660 516 :
685 483 828 516 natum
854 477 1021 532 utique.
1050 492 1132 517 non
1157 480 1365 533 prolatum
1393 496 1402 521 :

51 547 92 588 in
115 561 198 602 quo
227 560 309 586 non
334 545 567 600 composita
603 545 786 600 syllaba,
821 547 894 587 sed
928 547 1146 603 plenitudo
1168 548 1403 592 Divinitatis

4 662 5 665 ,
49 623 214 659 aeternae
237 624 318 662 est,
342 623 384 656 et
409 615 488 655 vita
511 615 600 656 sine
619 614 715 657 sine.

4 679 7 727 i
107 686 214 728 CIII.
253 684 492 726 Subtexnnt
516 685 636 725 aliam
658 685 938 742 impietatem,
960 697 1240 743 proponentes
1260 697 1400 731 utrum

2 738 5 804 i
45 757 214 804 volens,
237 771 287 797 an
312 755 462 796 invitus
483 757 743 811 generaverit
772 756 921 803 Pater3
949 764 993 796 nt
1019 758 1052 797 si
1083 757 1308 799 dixerimus
1334 774 1401 800 vo-

44 828 200 869 lentem
224 858 234 873 ,
269 825 545 881 antiquiorem
587 826 859 882 generatione
886 828 1146 868 voluntatem
1180 827 1398 870 videamur

43 897 186 944 fateri,
221 905 261 938 et
291 897 472 938 referant
502 896 597 952 qnia
628 911 709 937 non
744 897 795 938 sit
831 897 961 938 Filius
994 906 1230 939 coaeternus
1257 899 1391 946 Patri,

43 982 165 1024 quem
197 967 351 1022 aliquid
382 967 605 1008 antecessit
633 981 641 1006 :
675 975 745 1007 aut
778 967 872 1023 quia
906 976 947 1008 ct
978 967 1065 1024 ipse
1093 968 1145 1008 sit
1178 976 1393 1017 creatura;

0 1041 1 1047 ’
41 1038 135 1093 quia
170 1038 372 1094 scriptum
396 1045 457 1078 est
484 1052 523 1077 z«
550 1036 702 1077 Omnia
726 1052 817 1092 quae
851 1037 1001 1084 votuit,
1030 1037 1170 1085 secit';
1193 1052 1288 1078 cum
1314 1038 1394 1079 hoe

0 1099 1 1128 ³
40 1107 175 1164 ipsum
202 1123 285 1148 non
309 1108 359 1148 de
382 1108 505 1148 Patre
528 1115 568 1147 et
586 1107 718 1153 Filio,
748 1109 818 1147 scd
844 1108 893 1147 de
917 1107 979 1148 liis
998 1123 1098 1163 quas
1117 1107 1246 1148 Filius
1271 1107 1389 1156 fecit,

40 1178 199 1219 dictum
224 1178 274 1218 sit
299 1177 512 1218 creaturis.
541 1177 611 1216 Sin
630 1187 768 1216 autem
792 1177 964 1217 invitum
986 1178 1150 1217 Patrem
1173 1193 1392 1233 generasse

37 1249 398 1304 responderimus,
423 1247 648 1288 invalidum
672 1247 837 1289 Patrem
867 1248 1015 1289 dixisse
1040 1248 1266 1290 videamur.

94 1318 196 1360 CIV.
236 1318 318 1359 Sed
352 1317 458 1359 nihil
493 1318 532 1358 in
565 1317 823 1374 sempiterna
861 1318 1132 1373 generatione
1164 1318 1385 1375 praecedit,

33 1405 110 1432 nec
136 1391 265 1436 velie,
297 1404 373 1429 nec
395 1389 502 1428 nolle
525 1403 533 1426 ε
553 1402 651 1443 ergo
676 1402 753 1428 nce
779 1387 956 1428 invitum
983 1388 1181 1435 dixerim,
1204 1403 1282 1429 nec
1311 1403 1386 1429 vo-

33 1461 211 1507 lentem;
238 1459 333 1515 quia
353 1459 567 1516 generatio
589 1474 671 1499 non
695 1458 734 1498 in
759 1458 981 1499 voluntatis
1002 1458 1275 1515 possibilitate
1299 1467 1382 1507 est,

33 1534 105 1574 sed
125 1531 164 1572 in
189 1531 281 1586 jure
302 1532 484 1587 quodam
509 1538 550 1570 et
569 1529 823 1585 proprietate
842 1530 1002 1585 paterni
1023 1530 1185 1571 videtur
1206 1545 1295 1571 esse
1321 1546 1383 1572 se-

31 1603 148 1645 creti.
177 1602 281 1645 Nam
316 1601 423 1642 sicut
447 1601 583 1641 bonus
608 1601 730 1642 Pater
762 1615 844 1640 non
881 1608 950 1641 aut
974 1616 1022 1642 ex
1048 1602 1261 1643 voluntate
1291 1610 1378 1650 est,

31 1681 100 1714 aut
122 1672 386 1716 necessitate,
407 1671 479 1712 sed
503 1686 628 1726 super
650 1678 895 1726 utrumque,
924 1671 1004 1712 hoc
1022 1681 1098 1719 est,
1124 1680 1296 1721 natura3
1321 1673 1378 1714 ita

31 1759 112 1785 non
136 1750 306 1799 generat
328 1757 377 1782 ex
395 1741 608 1781 voluntate
631 1749 700 1781 aut
720 1741 967 1782 necessitate
988 1741 1121 1783 Pater.

89 1814 170 1856 CV.
209 1814 307 1854 Esto
332 1821 486 1860 tamen,
518 1811 567 1852 sit
591 1811 804 1868 generatio
825 1811 863 1851 in
887 1813 1100 1853 voluntate
1122 1812 1376 1869 generantis,

27 1886 193 1941 quando
225 1883 333 1924 hanc
365 1883 623 1923 voluntatem
650 1881 774 1922 fuisse
800 1881 976 1923 dieunt?
999 1881 1040 1923 Si
1067 1883 1106 1923 in
1140 1882 1373 1939 principio,

27 1954 66 1995 in
86 1953 290 2011 principio
314 1952 458 2008 utique
481 1951 609 1992 Filius
645 1966 654 1992 t
685 1951 717 1992 si
744 1952 997 2008 sempiterna
1025 1954 1238 2000 voluntas,
1262 1968 1374 1994 sem-

24 2025 214 2083 piternus
236 2033 276 2066 et
296 2024 426 2065 Filius
447 2038 457 2064 :
479 2023 510 2063 si
532 2022 659 2079 coepit
673 2023 880 2070 voluntas,
907 2023 1121 2079 displicuit
1147 2024 1274 2080 igitur
1294 2023 1372 2065 sibi

23 2096 135 2152 quod
159 2102 249 2136 erat
265 2094 376 2134 Deus
398 2094 521 2135 Pater
536 2125 545 2141 ‚
572 2100 618 2133 ut
640 2100 824 2134 mutaret
847 2101 1013 2134 statum.
1036 2093 1258 2150 Displicuit
1274 2109 1372 2151 ergo

23 2166 100 2207 sibi
133 2166 220 2206 sine
252 2165 358 2206 Filio
373 2196 382 2211 ‚
419 2164 586 2220 placere
609 2163 735 2219 coepit
757 2162 836 2204 sibi
855 2163 894 2204 in
914 2163 1031 2205 Filio.

82 2235 184 2276 CVI.
220 2236 310 2275 Jam
345 2234 412 2275 illa
445 2233 745 2289 consequentia
775 2242 822 2274 ut
852 2234 1041 2275 dicamus
1071 2233 1148 2276 :Si
1183 2234 1369 2277 studium

19 2305 246 2364 generandi
278 2313 420 2346 nostro
458 2319 575 2344 more
611 2303 862 2360 assumpsit3
897 2318 997 2361 ergo
1030 2312 1072 2345 et
1099 2313 1248 2346 caetera
1278 2320 1370 2361 quae

19 2375 330 2433 generationem
366 2375 604 2431 praecedere
641 2375 806 2421 soient,
845 2382 989 2415 nostro
1031 2389 1149 2415 more
1186 2389 1369 2431 assump-

18 2447 99 2490 sit:
125 2455 268 2488 nostro
292 2455 430 2487 autem
466 2460 544 2487 usu
576 2445 856 2502 generationis
886 2453 1030 2487 votum
1052 2452 1138 2493 est,
1173 2460 1257 2487 non
1289 2460 1364 2487 vo-

18 2518 168 2561 luntas.

64 2617 73 2632 ¹
98 2607 182 2640 Psat.
200 2616 291 2644 exin,
312 2617 361 2638 ιι.

83 2684 109 2698 '-
