1806 3256
581 233 631 262 im
666 235 775 271 mm,
810 235 889 264 Lm.
929 237 971 264 11.
1392 227 1444 271 83

103 309 171 368 qui
199 310 364 360 sedeat,
390 327 486 354 cuni
514 329 596 369 quo
618 315 783 363 sedeat,
811 315 883 356 ubi
911 316 1064 357 sedeat.
1097 316 1224 360 Sedet
1255 319 1443 364 Christus

101 381 154 423 ad
177 382 391 424 dexteram
415 383 560 426 Patris.
585 383 670 426 Aut
691 384 723 426 si
747 385 879 426 oculis
897 384 976 427 hoc
999 400 1082 428 non
1105 397 1222 444 potes
1251 403 1441 447 conlpre⁴

100 450 307 501 bendere,
331 453 426 494 audi
445 453 653 496 dicentem
673 454 924 511 Prophetam
946 470 956 497 :
983 474 998 494 α
1014 455 1126 498 Dixit
1143 457 1345 500 Dominus
1363 462 1445 501 Do-

5 577 7 587 Α
50 558 54 560 .
100 521 244 563 »mino
276 537 371 563 mro
392 522 524 564 :Sede
556 525 607 566 ad
629 525 842 567 dexteram
857 541 993 579 meam
1012 526 1042 567 ¹.
1069 546 1084 565 n
1110 526 1237 569 Sedet
1263 544 1361 586 ergo
1394 531 1446 572 ad

99 592 313 633 dexteram
329 593 461 635 Patris
479 594 621 635 Filius.
649 595 726 637 Dic
740 611 852 638 nunc
875 596 945 652 qui
970 597 1021 638 de
1038 598 1308 640 saecularibus
1341 599 1447 641 arbi·

99 662 218 704 [raris
236 663 480 704 aestimanda
504 664 639 705 divina
655 696 664 712 ,
690 680 790 706 num
815 665 888 706 tibi
906 665 1096 707 videatur
1113 667 1284 708 inferior
1305 667 1375 724 qui
1395 669 1447 710 ad

99 733 312 775 dexteram
333 734 599 776 sedetPNuin
625 734 774 790 injuria
798 736 947 785 Patris,
972 736 1065 793 quia
1089 739 1140 778 ad
1162 738 1371 780 sinistrum
1385 753 1446 780 se—

97 804 192 846 det?
210 804 330 846 Pater
355 804 550 852 honorat,
567 813 608 845 et
625 813 669 846 tu
693 805 887 860 iujuriam
918 814 1037 862 putas
1051 805 1069 846 Ξ)
1083 806 1204 848 Pater
1222 808 1379 849 mavult
1402 807 1443 850 id

95 889 182 915 esse
203 874 368 931 pietatis
389 863 644 932 ekenipluin,
658 883 752 916 cttu
767 883 883 930 putas
895 875 1185 932 praeeeptiouis
1199 876 1445 934 imperium?

96 944 159 986 De
183 952 316 986 morte
340 945 536 992 surrexit,
568 953 609 986 et
640 944 691 985 ad
721 945 933 986 dexteram
964 945 1041 985 Dei
1063 946 1192 987 sedet.

154 1014 261 1057 Clu.
297 1013 381 1056 Sed
413 1034 427 1054 α
452 1014 587 1062 Dixit,
621 1014 782 1071 inquis,
810 1014 944 1056 Pater.
983 1034 1000 1053 n
1030 1014 1187 1072 Accipe
1212 1015 1337 1057 etiam
1370 1016 1441 1058 ubi

93 1100 175 1126 non
213 1085 316 1128 dicit
348 1086 484 1135 Pater,
528 1094 570 1126 et
596 1085 786 1141 pra-dicit
821 1085 982 1126 Filius:
1009 1101 1024 1123 ι
1053 1085 1217 1127 Ainodo
1249 1087 1442 1129 videbitis

94 1155 276 1196 »Filium
316 1155 496 1196 hominis
528 1156 744 1196 sedentem
780 1155 831 1195 ad
869 1155 1081 1195 dexteram
1117 1155 1317 1197 virtutis².
1348 1174 1363 1194 n
1393 1157 1443 1198 Et

93 1224 173 1266 hoc
198 1225 248 1279 de
267 1224 553 1282 assumptione
574 1224 762 1280 corporis
785 1223 909 1271 dicit3
940 1223 1040 1265 huic
1062 1224 1163 1266 dicit
1186 1239 1228 1265 2«
1251 1225 1359 1266 Sede
1387 1227 1437 1267 ad

92 1295 335 1336 »dexteram
356 1309 507 1336 meam.
532 1313 546 1332 ι»
569 1294 671 1336 Nan]
697 1293 728 1335 si
756 1295 808 1334 de
833 1301 987 1335 aeterna
1007 1295 1104 1335 sede
1123 1294 1359 1336 Divinitatis
1382 1295 1439 1337 in=

92 1365 239 1420 quiris,
264 1364 543 1422 interrogatus
568 1379 587 1405 a
606 1364 736 1406 Pilato
765 1364 798 1404 si
824 1364 910 1420 ipse
939 1372 1047 1405 esset
1070 1380 1141 1406 rex
1161 1364 1408 1408 Judaeoriim
1425 1398 1437 1415 ‚

93 1436 176 1478 ait:
204 1455 219 1474 «
241 1436 286 1477 In
315 1436 393 1477 hoc
412 1452 503 1477 sum
528 1434 687 1477 nauus-³.
713 1453 726 1472 n
743 1435 860 1475 Unde
883 1443 924 1475 et
942 1435 1169 1491 Apostolus
1193 1447 1334 1478 monet
1358 1437 1437 1481 hoc

91 1522 180 1548 esse
203 1506 323 1547 nohis
347 1506 445 1547 utile
463 1540 471 1553 ‚
497 1506 528 1547 si
554 1505 767 1546 Christum
791 1520 875 1545 non
899 1520 949 1546 ex
968 1514 1199 1563 praecepto,
1226 1522 1361 1564 neque
1389 1524 1439 1552 ex

90 1578 219 1635 gratia
237 1611 245 1625 ‚
278 1578 349 1619 sed
384 1576 498 1634 quasi
530 1577 845 1618 dilectissimum
871 1575 1024 1617 Filium
1051 1579 1102 1618 ad
1126 1577 1338 1620 dexteram
1363 1580 1439 1623 Dei

91 1651 234 1691 sedere
258 1649 491 1690 credamus.
531 1646 601 1689 Sic
633 1646 744 1688 enim
778 1646 936 1688 habes:
968 1665 982 1685 α
1002 1647 1107 1699 Quae
1140 1664 1305 1692 sursum
1342 1661 1439 1695 sunt

92 1719 312 1776 »quaerite,
343 1719 415 1760 ubi
449 1718 639 1760 Christus
656 1725 720 1758 est
742 1718 791 1758 ad
811 1718 1024 1759 dexteram
1047 1719 1122 1761 Dei
1143 1721 1294 1762 sedens
1314 1736 1323 1763 :
1347 1736 1438 1778 quae

91 1805 283 1831 »sursum
311 1799 408 1832 sunt
439 1788 610 1846 sapite‘¹.
629 1808 643 1826 »
674 1789 761 1829 lloc
784 1797 846 1830 est
879 1788 991 1830 euin]
1024 1790 1238 1847 superiora
1267 1807 1434 1850 sapere,

90 1862 261 1902 credere
279 1861 375 1917 quia
396 1860 585 1902 Christus
604 1867 648 1900 ut
665 1859 831 1906 sedeat,
865 1874 949 1900 non
984 1860 1099 1916 quasi
1140 1860 1278 1917 jussus
1314 1863 1439 1905 obse·

90 1931 247 1986 quitur,
274 1930 345 1972 sed
365 1930 479 1985 quasi
498 1929 627 1970 Fiiius
653 1928 946 1970 dilectissimus
982 1930 1225 1973 honoratur.
1262 1932 1439 1990 Propter

91 2001 295 2042 rationem
313 2015 411 2056 ergo
435 1998 621 2056 corporis
640 1998 769 2039 dicit:
794 2016 809 2035 «
832 1998 938 2039 Sede
958 1999 1008 2039 ad
1032 2001 1243 2042 dexteram
1270 2017 1404 2044 meam
1424 2036 1434 2052 ,

89 2091 104 2109 n
120 2073 256 2113 donec
273 2085 422 2127 ponam
445 2068 638 2109 inimicos
658 2077 749 2108 tuos
767 2069 996 2110 scabellum
1015 2072 1168 2125 pedum
1185 2072 1391 2115 tuornm⁵.
1412 2092 1426 2111 υ

149 2140 254 2182 CIV.
292 2140 418 2191 Quod
440 2139 471 2180 si
496 2148 537 2179 et
558 2138 637 2179 hoc
653 2139 701 2179 ad
726 2138 979 2179 calumniam
1009 2140 1163 2189 trahis,
1198 2142 1291 2197 quia
1315 2143 1437 2185 Pater

90 2209 217 2251 dixit:
243 2210 429 2251 «Ponam
456 2208 644 2249 inimicos
667 2216 789 2256 tuos;
815 2226 829 2245 »
858 2208 981 2249 etiam
1002 2208 1123 2250 Pater
1151 2210 1276 2252 trahit
1298 2214 1348 2253 ad
1372 2214 1438 2254 Fi-

88 2281 214 2330 lium,
240 2295 342 2336 quos
363 2279 493 2320 Filius
518 2279 689 2320 suscitet
717 2286 840 2334 atque
865 2277 1046 2320 vivificet
1070 2294 1079 2321 ε
1105 2281 1271 2323 «Nemo
1298 2284 1433 2333 enim,

89 2368 103 2389 »
118 2351 273 2407 inquit,
312 2357 446 2407 potest
475 2348 615 2390 venire
649 2349 699 2389 ad
737 2363 824 2396 me,
856 2348 931 2390 nisi
958 2349 1093 2399 Pater,
1125 2351 1433 2406 quimisitme,

87 2421 329 2464 »attraxerit
366 2434 490 2462 eum:
527 2426 568 2461 et
608 2433 683 2475 ego
716 2419 974 2460 resuscitabo
1015 2434 1111 2461 eum
1142 2421 1183 2462 in
1208 2423 1433 2467 novissimo

137 2537 143 2549 ¹
167 2526 327 2563 Psatmx,
347 2535 374 2556 1.
388 2542 425 2548 —
446 2534 458 2548 ²
478 2523 594 2556 Matih.
615 2533 704 2558 xxvi,
727 2523 780 2561 64.
799 2540 838 2547 ·-
865 2524 878 2546 ³
896 2523 991 2555 Joan.
1010 2534 1103 2564 xviii,
1122 2523 1174 2566 37.
1201 2543 1241 2548 --
1270 2528 1282 2553 ⁴
1313 2528 1437 2562 (301053,

88 2592 136 2619 in,
156 2592 185 2613 2.
203 2597 242 2605 —-
264 2582 276 2602 ⁵
304 2579 386 2611 Psai.
403 2588 455 2610 cix
471 2602 479 2615 ‚
510 2588 537 2609 1.
1237 2629 1264 2677 Θ

1269 2663 1280 2680 ⁸
