1768 3283
531 295 582 323 1>ss
614 293 726 327 Fine,
761 293 840 320 Lm.
879 291 916 319 V.
1320 279 1402 322 231

54 378 166 420 dices
186 377 344 419 habent
359 407 370 423 ‚
394 381 651 431 praeceptum
669 405 679 420 ‚
704 386 788 413 non
811 370 957 426 utique
979 370 1217 412 secundum
1245 371 1405 414 Divini-

55 456 180 490 tatem
194 481 204 496 ,
230 446 303 488 sed
325 445 560 486 secundum
577 442 909 485 incarnationem
933 441 1057 482 datur
1071 471 1083 490 ‚
1104 441 1153 483 ad
1173 440 1404 482 subeundae

55 518 272 561 victoriam
308 514 528 574 passionis.

54 690 174 703 mtssffl
181 688 483 702 §ssmssumvbfl
490 689 542 702 n&
550 686 878 700 mw-rssmmffl
884 685 1100 698 mnaeww
1106 685 1165 698 ,Μ
1172 685 1225 697 ιν·
1232 685 1349 698 Ώῦἱδνῦ
1356 685 1412 697 ”S

588 815 766 859 CAPUT
797 816 873 859 XI.

59 954 186 1009 Quod
205 952 240 995 C
245 953 407 995 hristus·
430 952 598 1009 legatur
614 952 728 993 ηἰΙιίί
746 968 774 993 α
794 967 837 993 se
861 953 978 1008 loqui
991 985 1001 1000 ,
1026 952 1103 994 hoe
1127 954 1407 1011 referendum

114 1024 173 1065 ad
204 1024 337 1078 ipsius
369 1022 708 1064 humanitatem.
751 1022 978 1074 Quomodo
1001 1024 1138 1064 etiam
1168 1025 1409 1066 secundum

114 1093 412 1136 Divinitacem
435 1092 591 1133 audire
613 1107 664 1132 ac
684 1092 835 1132 videro
860 1092 1041 1134 Patrem
1073 1103 1184 1134 recte
1206 1094 1404 1143 dicatur,

116 1165 327 1219 exposito,
355 1163 439 1205 Det·
458 1163 633 1205 Filium
656 1173 904 1204 ereaturam
926 1179 1015 1205 non
1032 1179 1116 1206 esse
1137 1164 1290 1207 multis
1319 1180 1410 1206 coa-

117 1235 304 1276 corvatis
319 1234 592 1291 argumentis
613 1234 791 1276 evincit.

120 1382 358 1425 CXXXIII.
397 1382 460 1425 AN
495 1396 592 1423 vero
629 1381 670 1422 in
700 1381 810 1423 hanc
844 1381 1127 1423 humilitatem
1157 1381 1234 1423 Dei
1257 1382 1411 1424 Filium

60 1455 332 1502 deducemus,
354 1461 400 1494 ut
417 1452 493 1494 nisi
513 1466 605 1508 quae
623 1451 816 1498 audierit,
839 1451 976 1493 facere
1001 1459 1070 1492 aut
1087 1452 1201 1508 loqui
1219 1452 1378 1494 nesciat
1401 1468 1409 1494 :

59 1532 101 1565 et
123 1524 406 1581 praescriptam
427 1522 573 1578 agendi
597 1521 882 1578 loquendique
905 1521 941 1562 ei
964 1529 1160 1577 putemus
1184 1536 1273 1562 esse
1295 1536 1415 1563 meu·

60 1609 223 1641 suram;
258 1593 352 1650 quia
385 1593 588 1650 scriptum
616 1600 678 1633 est
703 1607 745 1632 :11
764 1592 824 1633 Ex
850 1607 917 1632 me
943 1591 1032 1647 ipso
1062 1606 1146 1633 non
1179 1607 1271 1633 sum
1300 1594 1415 1634 locu-

62 1671 210 1711 »tus;»
236 1672 276 1705 et
298 1662 402 1704 infra
423 1678 431 1703 ε
450 1680 464 1700 ιι
483 1662 601 1703 Sicut
639 1662 742 1703 dixit
770 1661 873 1702 mihi
902 1661 1026 1702 Pater
1043 1695 1051 1708 ,
1088 1661 1143 1702 ita
1173 1661 1403 1717 loquor'ssh

61 1733 143 1775 Sed
167 1734 216 1775 ad
239 1732 520 1775 obedientiam
543 1731 679 1773 carnis
695 1764 704 1779 ,
732 1739 799 1773 aut
830 1732 881 1773 ad
904 1730 1030 1773 fidem
1056 1731 1227 1772 unitatis
1254 1731 1330 1773 ista
1354 1747 1415 1772 r(-

62 1802 262 1844 serantur.
297 1803 491 1858 Plerique
515 1802 635 1842 ‘enim
669 1802 879 1843 doctiores
909 1810 950 1843 et
985 1801 1133 1842 audire
1162 1801 1340 1851 Filium,
1376 1812 1417 1843 ot

64 1871 202 1913 dicere
237 1871 392 1928 aliquid
427 1872 532 1913 Filio
566 1873 732 1912 Patrem
764 1871 978 1927 accipiunt
1006 1886 1080 1928 per
1114 1870 1319 1912 unitatem
1347 1887 1416 1912 ua-

63 1951 188 1991 turae3
216 1944 332 1999 quod
353 1942 466 1983 enim
487 1957 562 1998 per
581 1940 786 1983 unitatem
812 1942 1041 1983 voluntatis
1060 1942 1175 1983 novit
1197 1941 1326 1984 Filius
1344 1943 1418 1984 Ρὼ

65 2020 169 2053 trem
191 2013 317 2059 velle,
341 2011 505 2053 videtur
529 2011 703 2053 audisse.

125 2080 366 2124 CXXXIV.
403 2081 523 2122 Unde
540 2095 624 2122 non
643 2080 829 2122 officium
850 2081 1087 2137 corporale,
1108 2082 1181 2122 sed
1199 2080 1420 2123 arbitrium

66 2151 375 2194 indissociabile
388 2152 694 2208 cooperationis
708 2152 946 2193 declaratur
963 2168 973 2200 ;
996 2166 1134 2207 neque
1154 2151 1426 2193 enimverbo-

64 2237 158 2263 rum
181 2221 249 2263 hic
273 2222 452 2278 aliquem
476 2221 683 2278 significat
702 2222 891 2263 auditum
909 2253 920 2269 .
945 2221 1017 2263 sed
1042 2221 1249 2263 unitatem
1271 2223 1421 2263 volun-

68 2290 159 2332 tatis
181 2298 306 2347 atque
324 2291 512 2339 virtutis,
539 2307 629 2348 quae
650 2292 751 2333 etin
774 2292 895 2334 Patre
918 2300 980 2333 est
1000 2300 1042 2333 et
1063 2291 1104 2332 in
1133 2291 1256 2334 Filio.
1286 2291 1424 2344 Quam

66 2350 255 2403 ctiam'in
278 2361 435 2418 Spiritu
457 2371 602 2404 sancto
620 2378 708 2404 esse
729 2363 977 2405 memoravit
997 2362 1077 2403 alio
1109 2363 1221 2410 loco,
1246 2361 1390 2405 dicens
1414 2379 1422 2404 :

77 2449 92 2470 α
109 2431 201 2474 Non
228 2432 341 2474 enim
363 2434 559 2489 loquetur
587 2448 607 2474 a
643 2448 710 2481 se,
740 2435 811 2475 sed
838 2448 1114 2490 quaecumque
1139 2434 1255 2475 audit
1277 2434 1423 2489 loque-

65 2520 80 2541 »
97 2502 214 2550 tur²‚·
238 2522 252 2542 n
268 2512 312 2544 ut
335 2505 648 2546 adverteremus
668 2505 762 2561 quia
788 2504 994 2561 quidquid
1018 2503 1197 2562 Spiritus
1220 2504 1428 2561 loquitur,

113 2615 121 2630 ι
143 2606 238 2638 Joan.
255 2617 313 2641 xu.
330 2606 388 2648 49,
407 2608 459 2642 50.
477 2626 517 2632 —
535 2618 547 2633 ¹
567 2608 663 2640 Joan.
681 2619 748 2647 xvi,
771 2609 820 2641 15.
