1806 3256
398 312 451 357 30
619 310 622 311 ⁷
944 316 975 342 S.
1015 313 1205 341 Animosa

397 397 527 451 Quasi
549 395 853 453 sempiternus,
881 392 998 448 quasi
1024 391 1233 439 Verbum,
1268 390 1384 445 quasi
1417 389 1613 445 splendor
1640 387 1747 430 lucis

398 465 613 513 aeteruae¹3
659 463 756 520 quia
791 461 916 503 simul
954 461 1151 518 splendor
1183 468 1405 516 operatur,
1454 466 1500 499 ut
1543 457 1743 499 nascitur.

398 535 585 593 Apostoli
609 533 722 574 istud
750 532 987 587 exemplum
1012 539 1098 576 ezt,
1126 544 1209 570 non
1242 536 1304 569 est
1330 543 1484 569 meum.
1518 527 1612 569 Noli
1648 541 1746 583 ergo

400 607 574 648 credere
601 604 716 659 quod
745 601 870 643 suerit
903 602 967 642 vel
1001 608 1263 641 momentum
1297 598 1466 655 aliquod
1504 613 1586 654 quo
1622 597 1750 638 fuerit

401 675 490 718 sine
517 671 719 730 sapientia
753 671 890 718 Deus,
928 678 998 710 aut
1029 669 1116 710 sine
1149 669 1369 725 splendore
1401 669 1484 709 lux⁴
1520 666 1637 715 Noli,
1670 667 1749 708 Ar-

400 745 542 790 riane,
569 757 621 784 ex
641 741 792 782 nostris
818 740 1025 781 aestimare
1052 737 1188 779 divina
1210 751 1220 778 τ
1247 738 1320 778 sed
1344 736 1480 778 divina
1504 737 1656 785 crede,
1680 734 1752 776 ubi

402 813 585 855 humana
604 825 689 858 non
712 809 886 850 invenis.

459 879 637 924 LXXX.
664 879 752 922 Rex
769 878 932 934 gentilis
957 877 998 918 in
1020 877 1114 933 igne
1132 890 1229 917 cum
1251 876 1383 917 tribus
1403 875 1542 932 pueris
1565 874 1752 916 Hebraeis

404 951 541 1010 quarti
573 950 689 1007 quasi
732 949 879 1006 Angeli
916 947 1018 989 vidit
1054 946 1265 1004 figuram²
1301 962 1309 988 :
1342 955 1383 988 et
1424 947 1519 1002 quia
1557 954 1752 1002 praestare

406 1021 581 1080 putabat
616 1018 811 1074 Angelis,
845 1016 920 1058 Dei
948 1015 1125 1063 Filium,
1159 1031 1283 1071 quem
1311 1031 1393 1056 non
1416 1015 1534 1072 legit,
1558 1016 1633 1056 sed
1655 1028 1749 1055 cre-

406 1091 532 1140 didit,
567 1087 784 1146 judicavit.
817 1086 1030 1129 Abraham
1067 1101 1234 1142 quoque
1269 1095 1351 1128 tres
1388 1085 1512 1133 vidit,
1547 1093 1589 1126 et
1620 1098 1754 1125 unum

405 1158 633 1205 adoravit³.

464 1228 660 1273 LXXXI.
692 1228 839 1271 Petrus
869 1227 909 1268 in
937 1233 1080 1268 moute
1103 1225 1275 1283 Moysen
1299 1236 1341 1268 et
1361 1225 1496 1268 Eliam
1524 1242 1622 1268 cum
1650 1226 1756 1269 Filio

407 1301 486 1344 Dei
520 1300 645 1347 vidit,
681 1313 760 1340 nec
786 1297 941 1339 erravit
972 1297 1012 1337 in
1045 1305 1221 1346 natura,
1256 1311 1337 1338 nec
1365 1297 1518 1338 erravit
1542 1297 1582 1338 in
1606 1296 1751 1354 gloria.

408 1371 599 1427 Denique
620 1369 723 1426 quid
739 1368 876 1410 facere
899 1362 1095 1415 deberet,
1115 1382 1200 1407 non
1222 1366 1336 1419 illos,
1361 1369 1433 1408 sed
1452 1367 1665 1410 Christum
1693 1367 1758 1409 in-

409 1440 659 1497 terrogavit;
680 1453 777 1480 nam
802 1437 877 1479 etsi
905 1437 1037 1478 tribus
1058 1437 1231 1493 parabat
1251 1436 1500 1492 obsequium
1515 1470 1525 1485 ,
1551 1437 1673 1479 unius
1696 1446 1759 1480 ta-

409 1526 506 1553 men
527 1509 775 1567 expectabat
795 1507 1033 1564 imperium.
1060 1505 1143 1547 Sed
1165 1505 1363 1561 quoniam
1387 1509 1450 1549 vel
1473 1508 1760 1550 tabernaculo-

412 1596 506 1624 rum
531 1595 759 1623 numerum
787 1578 1061 1620 deserendum
1091 1578 1221 1619 tribus
1250 1571 1495 1633 simpliciter
1516 1579 1757 1628 aestimavit,

410 1653 659 1694 emendatur
675 1650 750 1691 Dei
768 1648 901 1691 Patris
916 1648 1164 1689 auctoritate
1184 1648 1361 1689 dicentis
1381 1663 1391 1689 ε
1420 1666 1436 1687 α
1450 1649 1528 1691 Hie
1549 1657 1612 1691 est
1631 1650 1761 1692 Filius

411 1740 426 1761 n
441 1736 559 1763 meus
582 1719 877 1762 dilectissimus
892 1750 903 1766 ‚
930 1718 1066 1775 ipsum
1093 1716 1279 1766 audite⁶‚
1303 1738 1317 1755 n
1343 1718 1383 1759 id
1400 1727 1462 1760 est
1483 1733 1492 1759 ε
1518 1719 1633 1770 Quid
1655 1734 1760 1761 con-

411 1806 552 1834 servos
586 1798 680 1832 tuos
712 1803 809 1830 cum
846 1788 1026 1830 Domino
1063 1787 1196 1828 socias
1232 1787 1339 1828 tuoi’
1371 1788 1484 1830 ‹Hic
1529 1798 1593 1830 est
1632 1788 1761 1831 Filius

410 1882 425 1901 »
442 1877 573 1903 meus.
600 1879 615 1899 η
646 1860 738 1902 Non
760 1859 921 1915 Moyses
941 1856 1072 1904 filius,
1098 1872 1181 1897 non
1201 1857 1310 1898 Elias
1332 1856 1440 1898 filius
1462 1873 1470 1898 :
1493 1859 1567 1900 sed
1600 1859 1669 1900 hic
1691 1859 1762 1901 Fi-

412 1934 506 1976 lius.
534 1931 671 1974 Sensit
694 1928 1033 1972 emendationem
1059 1928 1306 1984 Apostolus,
1331 1929 1510 1984 procidit
1529 1930 1569 1970 in
1591 1929 1757 1979 faciem,

414 2009 705 2045 consternatus
725 1999 856 2041 Patris
874 2013 991 2045 voce,
1014 2006 1055 2039 et
1071 1997 1166 2039 Filii
1184 1998 1370 2040 claritate
1391 2013 1400 2039 ε
1426 2001 1497 2040 sed
1521 1999 1763 2042 sublevatur

413 2087 433 2114 a
454 2071 559 2113 Filio
573 2103 583 2119 ,
607 2069 677 2126 qui
693 2069 877 2125 jacentes
896 2068 1055 2123 erigere
1074 2067 1304 2109 consuevit.
1331 2068 1466 2109 [num
1486 2069 1608 2117 vidit,
1627 2071 1762 2111 solum

413 2142 516 2184 vidit
542 2141 618 2183 Dei
633 2139 802 2181 Filium.
825 2138 1107 2181 Recesserunt
1134 2137 1246 2178 enim
1269 2138 1442 2187 servuli,
1474 2148 1520 2180 ut
1547 2141 1659 2182 solus
1675 2139 1762 2181 Do—

413 2212 552 2254 minus
567 2243 577 2258 ,
600 2210 671 2266 qui
695 2210 805 2250 solus
828 2207 1124 2264 designabatur
1145 2207 1274 2248 Filius
1295 2239 1305 2254 ,
1333 2207 1555 2251 videretur.

469 2279 686 2324 LXXXII.
725 2277 839 2328 Quid
864 2277 989 2334 igitur
1013 2277 1090 2319 sibi
1115 2277 1246 2317 voluit
1269 2276 1336 2317 illa
1358 2277 1459 2319 visio
1476 2311 1487 2327 ,
1512 2294 1595 2320 non
1618 2295 1761 2336 aequa-

409 2351 570 2395 litatem
601 2348 757 2391 Christi
783 2362 1084 2404 servorumque
1121 2345 1382 2403 significans,
1410 2349 1483 2389 sed
1510 2350 1757 2406 mysterium

411 2422 598 2478 signans,
618 2418 696 2460 nisi
722 2426 767 2458 ut
798 2425 1018 2474 appareret
1050 2417 1171 2457 nobis
1203 2417 1316 2472 quod
1349 2415 1433 2458 Lex
1469 2427 1511 2460 et
1539 2419 1757 2476 Prophetae

412 2506 509 2534 cum
539 2488 762 2546 Evangelio
791 2495 1093 2544 congruenteS,
1129 2486 1433 2543 sempiternum
1464 2488 1539 2530 Dei
1570 2489 1723 2530 Filium
1745 2522 1755 2540 ,

334 2570 338 2573 '
407 2576 535 2620 quem
586 2559 967 2609 annuntiaverant,
1001 2556 1266 2600 revelarent?
1291 2557 1423 2615 'Ergo
1458 2567 1500 2600 et
1546 2573 1622 2601 nos
1660 2573 1759 2602 cum

457 2663 462 2675 ¹
484 2651 591 2682 Hebr.
613 2662 637 2688 1,
656 2651 686 2685 3.
700 2669 735 2674 —
752 2659 763 2674 ²
783 2649 868 2681 Dan.
889 2660 938 2687 iu,
956 2660 1009 2691 9²·
1026 2666 1067 2673 —
1086 2650 1100 2672 ὓ
1117 2648 1201 2680 Gen.
1218 2657 1311 2685 xvm,
1327 2657 1360 2680 ².
1380 2666 1420 2673 —
1442 2651 1455 2676 4
1470 2648 1593 2683 matth.
1611 2660 1690 2688 xvn,
1708 2650 1740 2683 5.
