1768 3283
312 273 397 319 526
908 283 1043 312 ifinnx.

353 356 526 401 proditoris
539 354 577 385 de
590 357 750 394 unguento
769 349 969 391 Magdatenae
993 350 1101 381 eadem
1126 350 1248 381 ratione
1271 351 1428 392 expositu,
1445 352 1572 395 subjicit

352 414 415 444 alio
430 409 527 442 modu
537 408 705 440 Christum
724 404 785 436 emi
800 404 840 435 ab
852 403 1008 435 haereticis
1020 427 1028 441 ,
1043 404 1105 434 alio
1119 413 1134 434 a
1149 403 1340 439 Catholicis.
1358 406 1490 448 illosque
1514 418 1567 438 ne-

355 465 529 510 quidquam
549 462 608 495 sibi
626 470 742 493 nomen
761 459 904 500 usurpari
919 458 1196 495 Christianorum,
1225 459 1250 489 si
1274 459 1429 501 Spiritum
1443 471 1459 490 a
1477 461 1572 492 Patre

352 519 532 552 diviserint.
1595 515 1657 553 425

311 577 420 608 Cnur
437 571 574 605 xvlu.
590 569 732 612 Spiritus
743 565 841 598 sancti
857 564 1067 597 Divinitatem
1079 565 1165 596 exiis
1178 566 1405 608 quaehactenus
1417 567 1575 610 disputata

352 634 425 662 suut
437 650 446 663 ,
476 624 738 657 confirmaturus,
768 619 920 651 nonnulla
950 619 1067 650 iterum
1092 620 1257 651 tractanda
1275 621 1369 652 sumit
1387 643 1396 659 ‚
1422 621 1571 652 nimirum

350 687 479 726 peccata
494 690 566 711 eum
582 687 646 709 non
668 675 786 707 habere
797 697 806 712 ,
830 673 886 704 sed
903 672 1084 704 condonare
1100 684 1108 704 ε
1125 678 1302 704 creaturam
1329 685 1393 705 non
1419 684 1484 706 esse
1499 698 1505 710 .
1521 673 1574 706 sed

350 742 527 769 creatorem
548 744 555 764 :
574 743 609 764 ac
623 731 749 762 demum
773 739 838 759 non
850 727 981 758 adorare
995 750 1003 765 ‚
1022 727 1075 758 sed
1090 727 1228 758 adorar'n
1596 729 1654 767 431

309 793 426 823 Cuna-
451 787 553 820 xlx.
571 785 620 817 Ex
632 795 670 816 eo
683 781 770 825 quod
785 790 880 824 supra
894 781 1064 822 probatum
1079 786 1110 813 et
1127 780 1285 823 Spiritum
1300 793 1428 815 manere
1442 788 1474 815 et
1487 782 1573 825 loqui

353 847 385 877 in
403 840 573 884 Prophetis
584 863 591 875 ‚
607 837 728 879 colligit
744 835 784 867 ab
807 846 845 867 eo
859 834 1004 874 cognosci
1020 835 1127 866 omnia
1140 858 1150 874 ,
1177 846 1247 878 quae
1275 837 1332 868 Dei
1360 843 1434 868 sunt
1449 849 1457 873 ;
1481 842 1575 879 atque

353 899 432 931 adeo
447 905 544 928 unum
562 903 630 925 esse
643 901 715 923 cum
735 890 828 921 Patre
845 895 877 922 et
895 889 988 920 Filio.
1023 889 1094 920 Hoc
1119 889 1219 931 ipsum
1236 891 1350 922 exinde
1367 891 1483 922 iterum
1498 902 1574 923 con-

353 952 459 984 firmat
476 947 565 992 quod
581 946 687 978 o'mnia
705 944 802 976 habet
816 966 826 982 ‚
843 953 914 985 quae
940 943 1035 974 habet
1063 944 1148 975 Deus
1160 966 1169 981 ‚
1194 954 1308 986 nempe
1336 945 1546 977 Divinitatem
1562 969 1571 983 ‚

352 1006 456 1040 cordis
466 1001 682 1043 cognitionem
693 1021 702 1037 ‚
718 997 885 1029 veritatem
901 1019 909 1034 ,
933 1007 1050 1027 nomen
1065 1007 1159 1038 super
1175 1007 1270 1029 omne
1283 1009 1413 1035 nomen,
1435 1004 1569 1039 potesta-

353 1066 417 1093 tem
431 1062 574 1089 mortuos
588 1051 775 1089 suscitandi,
793 1049 879 1092 quod
897 1049 1158 1081 ultimumeidem
1174 1050 1332 1091 adjudicat
1348 1062 1386 1082 ex
1400 1051 1578 1088 Ezechiele,

352 1123 417 1157 quo
431 1118 462 1144 et
479 1111 582 1152 ipsum
599 1108 682 1139 Filio
702 1104 855 1148 aequalem
874 1104 999 1146 probat.
1597 1106 1658 1144 435

310 1171 419 1202 Cnur
436 1164 517 1198 XX.
534 1164 572 1195 In
590 1161 724 1194 flumine
736 1160 776 1191 de
791 1159 864 1190 sede
884 1159 945 1189 Dei
959 1164 1165 1201 promanente
1180 1158 1313 1200 figuram
1327 1158 1419 1192 fuisse
1437 1159 1574 1202 Spiritus

351 1220 449 1255 sancti
463 1230 472 1257 3
488 1228 544 1262 per
561 1225 658 1259 aquas
671 1225 758 1250 vero,
771 1223 850 1255 quas
864 1213 966 1244 David
980 1218 1149 1250 memorat,
1170 1213 1312 1245 coelestes
1320 1213 1465 1245 Virtutes
1479 1213 1578 1255 desig-

350 1276 431 1309 nari.
448 1275 593 1315 Regnum
604 1271 668 1303 Dei
683 1279 762 1310 opus
779 1279 844 1300 esse
857 1268 996 1309 Spiritus
1012 1279 1020 1298 ε
1040 1277 1099 1299 nec
1116 1267 1232 1298 mirum
1248 1292 1257 1308 ‚
1276 1268 1300 1299 si
1324 1268 1375 1299 hic
1387 1267 1475 1299 idem
1491 1279 1572 1300 con-

353 1334 463 1372 regnet
480 1338 551 1359 eum
567 1324 651 1356 Filio
667 1346 676 1363 ‚
696 1322 825 1366 quando
845 1331 902 1353 nos
922 1320 1019 1353 etiam
1036 1320 1120 1353 Filio
1133 1327 1383 1363 conregnaturos
1409 1321 1574 1364 promittat

358 1385 487 1418 Paulus.
1596 1375 1660 1414 458

308 1441 415 1473 Cnut
431 1437 532 1469 xxi.
550 1433 679 1466 Missum
695 1442 712 1463 a
727 1430 848 1472 Spiritu
862 1429 955 1461 fuisse
969 1429 1084 1461 lsaiam
1097 1451 1107 1468 ,
1124 1429 1322 1472 proindeque
1338 1429 1485 1462 eumdem
1504 1429 1575 1471 Spi-

353 1493 450 1524 ritum
467 1489 506 1521 ab
522 1498 561 1520 eo
579 1487 688 1518 visum.
709 1484 795 1523 Quid
810 1494 865 1526 per
881 1488 1044 1514 currentes
1061 1487 1143 1514 rotas
1157 1507 1164 1520 ‚
1183 1483 1309 1525 alasque
1325 1484 1463 1515 diversas
1479 1481 1574 1515 intel-

351 1544 532 1587 ligendum,
551 1546 656 1582 etqua
674 1540 798 1569 ratione
813 1548 884 1568 cum
904 1536 1044 1577 Spiritus
1059 1546 1075 1567 a
1094 1535 1262 1577 Seraphim
1281 1536 1470 1578 praedicetur
1489 1536 1575 1567 Deus

354 1597 495 1630 Sabaoth
507 1618 516 1633 ‚
532 1595 595 1626 hoc
609 1593 637 1625 ei
654 1602 770 1623 nomen
785 1590 892 1632 negari
911 1590 968 1621 nisi
987 1590 1026 1621 ab
1044 1589 1150 1632 impiis
1167 1590 1353 1632 neutiquam
1369 1591 1477 1632 possit.
1596 1589 1660 1628 440
1695 1601 1700 1605 ·

309 1653 420 1685 Carm-
435 1648 553 1682 xxil.
568 1646 614 1679 Ut
630 1645 717 1687 regni
736 1644 839 1676 unitas
853 1643 1007 1685 probetur
1019 1643 1052 1673 in
1062 1641 1166 1674 tribus
1180 1643 1341 1684 personis,
1357 1642 1471 1674 citatus
1484 1642 1576 1674 Isaiae

350 1707 434 1737 locus
451 1700 643 1744 expenditur
660 1711 667 1729 :
688 1698 766 1730 etin
783 1697 820 1728 iis
833 1707 850 1727 a
867 1696 984 1738 quibus
1004 1696 1052 1727 vel
1073 1696 1113 1727 de
1128 1696 1222 1727 Patre
1235 1695 1284 1727 vel
1301 1695 1338 1726 de
1356 1696 1439 1727 Filio
1464 1696 1513 1726 vel
1534 1695 1573 1727 de

349 1757 472 1801 Spiritu
489 1753 648 1796 expositus
664 1752 716 1786 sit..
731 1750 851 1782 nullam
866 1760 972 1781 sensus
988 1749 1204 1780 diversitatem
1220 1748 1314 1780 fuisse
1330 1749 1574 1781 decla1·atur.Ad

352 1812 419 1843 haec
435 1808 599 1849 majestate
609 1805 743 1848 Spiritui
762 1804 835 1836 inde
851 1809 968 1835 asserta
979 1828 986 1838 .
1001 1802 1086 1845 quod
1099 1801 1266 1834 crucifixus
1281 1802 1404 1834 dicatur
1421 1803 1576 1834 Dominus

353 1864 523 1906 majestatis
536 1884 546 1901 ,
565 1862 631 1903 ejus
643 1870 715 1891 cum
732 1860 828 1891 Patre
845 1869 881 1890 ac
899 1858 981 1889 Filio
996 1862 1082 1889 tanta
1094 1857 1256 1899 aequalitas
1273 1857 1462 1893 ostenditur,
1477 1862 1512 1889 ut
1526 1856 1575 1899 ip-

351 1928 420 1951 sum
436 1917 510 1949 hinc
523 1923 688 1957 nunquam
698 1912 854 1954 dejecturi
871 1912 935 1944 sint
953 1910 1094 1943 Arriani.
1595 1910 1659 1949 442

490 2059 543 2086 DE
575 2054 898 2086 tNCARNATlole
931 2053 1141 2082 DOM1N10AE
1176 2053 1464 2082 SACRAMENTo.

310 2193 410 2224 Linea
429 2190 458 2223 l.
485 2189 591 2230 Caput
609 2188 636 2219 1.
665 2186 809 2218 Indicata
827 2185 954 2217 dicendi
975 2185 1160 2224 occasione,
1183 2185 1222 2217 ad
1242 2185 1396 2217 sacrificia
1420 2183 1514 2216 caini
1538 2187 1570 2215 et

350 2245 462 2279 Abelis
477 2242 600 2276 accedit
618 2241 816 2274 Ambrosius.
833 2241 915 2271 Tum
929 2239 1005 2282 quid
1018 2239 1049 2270 iu
1068 2240 1184 2282 prioris
1197 2239 1359 2271 oblatione
1375 2240 1445 2271 Deo
1462 2237 1571 2280 displi-

350 2298 451 2331 cuerit
467 2320 476 2335 ‚
501 2296 656 2338 explorat.
685 2294 811 2325 Deinde
825 2294 879 2325 ubi
900 2293 1009 2324 Abelis
1030 2293 1250 2326 holocaustum
1273 2293 1381 2336 paucis
1406 2290 1570 2334 exposuit,

350 2361 505 2396 quosnam
519 2351 582 2382 lata
597 2352 630 2382 in
647 2349 786 2380 Cainum
804 2347 898 2379 feriat
911 2347 1080 2383 sententia,
1097 2347 1204 2379 docet.
1591 2345 1655 2384 445

307 2407 416 2440 (Σηυι-
442 2405 491 2437 ΙΙ.
510 2404 586 2436 Post
599 2407 783 2435 enumerata
801 2401 885 2432 varia
903 2400 1068 2432 hominum
1084 2411 1201 2442 genera
1218 2424 1228 2441 ,
1242 2399 1296 2443 qui
1314 2400 1380 2432 fere
1392 2400 1451 2432 sub
1463 2399 1569 2431 nomi-

353 2461 402 2492 nis
416 2457 580 2491 christiani
595 2456 673 2489 falso
690 2456 845 2488 velamine
858 2455 1031 2487 Ecclesiam
1047 2455 1229 2491 lacerantes,
1244 2459 1427 2486 memoratae
1441 2458 1569 2486 senten-

351 2515 406 2546 tiae
414 2513 543 2545 obnoxii
557 2517 642 2554 sunt,
657 2512 805 2544 admonet
820 2509 1087 2554 quemadmodum
1101 2509 1193 2543 nobis
1206 2507 1396 2543 declinanda
1408 2508 1447 2541 sit
1458 2507 1568 2540 eadem

352 2567 520 2600 sententia.
1590 2561 1654 2605 447
