1768 3283
356 303 441 352 240
902 314 932 341 s,
973 314 1163 342 Amnssosu

349 391 478 433 nitate
523 390 744 447 subjectio,
798 390 841 432 Si
884 399 1023 436 autem
1074 391 1186 432 nulla
1225 390 1432 449 subjectio
1455 424 1466 443 ‚
1509 394 1698 436 voluntas

351 463 483 505 libera
500 470 576 504 est.

412 531 572 573 CLXY.
611 531 737 582 Quod
773 530 805 571 si
834 545 926 572 cam
949 531 1258 587 subjectionem
1286 541 1435 589 putant
1459 533 1576 583 Filii,
1605 535 1701 592 quia

351 618 447 646 cum
466 602 557 658 ejus
575 602 788 642 voluntate
805 602 943 642 omnia
967 601 1093 643 saciat
1113 602 1236 643 Pater
1256 617 1264 642 :
1287 603 1449 645 discant
1466 603 1545 646 hoc
1566 605 1702 662 ipsum

352 687 440 714 csse
464 670 687 713 individuae
709 670 925 727 potestatis
949 679 1270 726 a1=gu1nentun13
1292 672 1385 727 quia
1409 672 1545 715 unitas
1563 675 1703 716 volun-

350 743 443 785 tatis
471 751 558 790 est,
590 755 680 798 quae
703 755 787 782 non
817 741 944 796 coepit
966 755 1016 781 ex
1048 748 1261 797 tempore,
1297 743 1370 784 sed
1398 752 1487 785 erat
1517 759 1696 801 semper.

351 814 429 855 [hi
448 824 586 855 autem
610 812 744 853 unitas
767 819 967 868 perpetua
993 811 1216 853 voluntatis
1236 845 1245 860 ‚
1271 827 1351 853 uon
1376 813 1521 870 utique
1543 824 1704 872 tempo·

352 884 450 926 ralis
485 881 756 940 subjectionis
780 880 1011 922 infirmitas.
1045 881 1087 923 Si
1109 882 1221 923 enim
1256 897 1329 938 per
1356 891 1550 925 naturam
1575 884 1703 940 subji-

351 962 517 997 ceretur
531 987 540 1000 ,
560 967 724 1008 semper
745 950 960 1006 subjectus
986 960 1176 992 maneret
1197 966 1205 991 :
1233 967 1331 993 cum
1354 967 1451 993 vero
1470 952 1698 1009 subjicien-

354 1028 430 1068 dus
462 1024 626 1065 dicatur
659 1022 699 1063 iu
736 1030 948 1077 tempore,
982 1021 1302 1077 disponsationis
1337 1037 1437 1079 ergo
1469 1029 1698 1079 susceptae.

352 1111 436 1138 non
460 1101 672 1151 perpetuae
689 1090 944 1132 infirmitatis
961 1091 1038 1131 crit
1062 1091 1128 1131 illa
1147 1090 1381 1146 subjecti03
1407 1091 1586 1133 maxime
1605 1105 1701 1133 eum

353 1166 605 1223 sempiterna
626 1162 700 1204 Dei
725 1161 853 1202 virtus
876 1175 958 1202 nou
987 1161 1117 1218 possit
1134 1169 1286 1202 statum
1313 1170 1476 1203 mutare
1499 1177 1573 1219 pro
1603 1171 1704 1204 tcm-

350 1252 476 1294 pore,
510 1248 587 1276 nec
616 1233 704 1275 Deo
727 1231 838 1273 Patri
861 1246 911 1272 cx
937 1239 1126 1288 tempore
1158 1231 1225 1287 jus
1248 1233 1463 1288 potcstatis
1491 1232 1697 1275 accidere.

353 1308 456 1350 Nam
479 1304 512 1347 si
533 1304 661 1344 Filius
687 1301 909 1357 aliquando
936 1301 1190 1349 mutabitur,
1217 1311 1262 1344 ut
1289 1303 1522 1344 secuudum
1545 1303 1702 1345 Divini-
1760 1296 1761 1299 ¹

353 1386 481 1419 tatem
504 1373 751 1430 subjiciatur
772 1380 781 1413 ε’
808 1386 906 1428 ergo
928 1380 969 1413 et
990 1372 1103 1413 Deus
1129 1373 1273 1420 Pater,
1303 1372 1337 1414 si
1365 1373 1586 1429 aliquando
1610 1374 1702 1430 plus

351 1447 532 1506 poterit,
565 1453 610 1486 ut
633 1443 872 1499 subjectum
901 1444 1135 1484 secuudum
1157 1443 1429 1485 Divinitalem
1456 1444 1608 1485 habeat
1630 1444 1700 1486 Fi·
1760 1433 1762 1450 ÷

302 1532 305 1534 '
352 1521 454 1563 lium
471 1551 480 1566 ‚
501 1530 614 1559 nunc
641 1514 808 1555 interim
830 1513 967 1555 minus
990 1529 1111 1571 posse
1132 1515 1370 1557 secundum
1393 1514 1698 1571 interpretatio·
1758 1520 1762 1545 ·'

352 1605 450 1633 nrm
473 1596 651 1629 vestram
670 1598 840 1626 necesse
864 1592 927 1625 est
948 1584 1190 1626 resumetur.

413 1658 592 1702 CLXYI.
631 1656 745 1707 Quid
767 1663 906 1697 autem
932 1657 1064 1712 culpae
1083 1655 1334 1698 commeruit
1351 1656 1505 1704 Filius,
1540 1664 1588 1698 ut
1612 1671 1703 1714 pos-

352 1741 417 1775 tea
433 1730 664 1773 secundum
677 1726 945 1768 Divinitatem
957 1726 1106 1782 subjici
1122 1742 1241 1783 posse
1254 1727 1476 1769 credatur?
1490 1727 1703 1783 Numquid

350 1802 582 1847 secundum
611 1813 780 1841 carnem
807 1798 857 1838 ad
880 1798 1093 1838 dexteram
1127 1797 1261 1838 Patris
1289 1797 1434 1839 sedere
1462 1797 1697 1854 praerspuit,

352 1884 393 1917 ct
422 1873 549 1915 invito
580 1871 724 1916 Patre,
749 1867 825 1908 sibi
852 1867 1170 1923 praerogativam
1206 1866 1368 1923 paterni
1392 1867 1485 1908 solii
1512 1866 1702 1908 vindica-
1757 1892 1761 1927 ἶ

343 1946 428 1990 vit?
460 1943 542 1985 Sed
578 1941 665 1997 ipse
703 1938 758 1980 ait
788 1951 830 1978 :«
848 1936 1001 1979 Omnia
1038 1952 1130 1993 quae
1159 1937 1312 1993 placita
1346 1945 1445 1979 sunt
1483 1936 1544 1984 ei,
1588 1936 1699 1978 facio
1757 1939 1760 1989 ζ

345 2012 733 2072 ‚,50mp0r¹.»Ergo
761 2008 793 2050 si
823 2007 863 2049 in
896 2007 1091 2049 omuibus
1124 2008 1236 2049 Patri
1270 2007 1506 2063 complacet
1539 2006 1697 2056 Filius,
1756 2030 1759 2044 ι

351 2103 426 2130 cur
447 2083 696 2140 subjicietur
718 2079 903 2136 quiante
931 2078 1149 2134 subjectus
1172 2093 1255 2119 non
1284 2078 1404 2120 erat?

409 2153 610 2198 CLXVII.
648 2150 876 2193 Videamus
904 2149 1042 2204 itaque
1070 2164 1121 2190 ne
1144 2164 1227 2190 non
1250 2148 1485 2191 Divinitatis
1510 2148 1600 2196 illa,
1627 2149 1700 2190 scd

349 2235 491 2270 nostra
523 2222 594 2264 fiat
631 2221 671 2262 iu
704 2218 858 2261 Christ-i
897 2218 1050 2259 timore
1087 2217 1318 2274 subjectio,
1359 2219 1482 2274 plena
1524 2217 1693 2274 gratim,

350 2307 391 2340 et
423 2298 545 2354 plena
574 2290 776 2348 mysterii.
815 2289 961 2344 Itaque
992 2303 1135 2329 rursus
1165 2288 1407 2345 Apostolica
1442 2287 1568 2328 verba
1600 2302 1701 2344 pen·
1754 2295 1758 2342 j

351 2369 511 2410 damus.
539 2380 554 2401 «
577 2362 682 2403 Cum
703 2368 841 2401 autem
864 2357 1052 2414 subjecta
1069 2391 1078 2406 ,
1097 2358 1256 2414 inquit.
1277 2358 1334 2400 illi
1353 2357 1508 2398 suerint
1524 2356 1662 2398 omnia
1686 2389 1697 2404 ‚
1754 2391 1757 2413 e

346 2457 361 2478 n
377 2446 475 2479 tunc
506 2441 547 2475 et
569 2432 655 2488 ipse
678 2429 892 2485 subjectus
920 2428 1000 2470 erit
1021 2428 1057 2470 ei
1077 2460 1088 2478 ‚
1112 2428 1183 2484 qui
1210 2428 1289 2469 sibi
1321 2427 1504 2483 subjecit
1526 2427 1695 2475 omnia3
1754 2421 1757 2436 ²

347 2515 423 2548 »ut
451 2505 502 2547 sit
540 2503 652 2545 Deus
685 2499 826 2542 onmia
856 2507 898 2540 et
934 2498 975 2539 in
1010 2499 1218 2540 omnibus.
1247 2517 1261 2536 n
1283 2498 1391 2554 Ergo
1426 2498 1526 2554 quid
1561 2496 1701 2539 dicis?

345 2578 467 2623 Nunc
490 2573 679 2630 subjecta
704 2586 788 2613 nou
816 2578 911 2612 suut
939 2569 974 2612 ci
1003 2569 1141 2611 omnia
1158 2568 1175 2610 ἰ’
1197 2569 1287 2612 Nou
1309 2568 1499 2627 ⁴subjecti
1524 2567 1699 2610 Sancto·
1752 2580 1755 2625 j

396 2669 665 2702 ¹Joa11.v1n‚1.
