1806 3256
1324 325 1342 338 ›-
1363 320 1367 325 ,

506 337 557 363 DE
589 312 698 371 Finit,
734 336 814 365 Lm.
854 337 897 364 11.
1322 341 1368 367 01

35 417 299 474 perspicuam
330 413 477 455 divinae
511 412 741 469 majestatis
770 399 1004 470 exprimant
1035 402 1251 464 unitatem.
1281 402 1380 471 Pro-

34 486 221 544 prietatis
242 487 381 541 itaque
403 493 524 529 sunt,
552 482 788 539 generatio,
817 482 952 529 Deus,
976 475 1127 530 Filius,
1154 482 1338 525 Verbum
1367 500 1376 525 ε

35 555 337 602 similitudinis,
382 554 601 610 splendor,
637 553 881 600 character,
923 553 1164 607 speculum,
1203 553 1338 610 imago
1369 570 1378 595 ι

34 624 203 666 unitatis
229 632 419 668 ceterum,
446 621 669 678 sapientia,
694 622 843 669 virtus,
869 622 1044 669 veritas,
1076 623 1168 664 vita.

86 694 156 753 ΙΙΙΙ.
198 694 292 734 llaec
326 692 478 732 indicia
513 692 566 732 ita
601 691 672 732 Dei
704 691 858 732 Filium
885 691 1074 746 signant,
1103 701 1147 733 ut
1176 708 1225 734 ex
1249 693 1311 735 his
1341 703 1383 735 et

36 764 338 820 sempiternum
373 762 539 803 Patrem
572 777 661 802 esse
689 776 942 817 cognoscas,
964 777 1041 803 nce
1074 763 1122 803 ab
1146 779 1195 804 eo
1227 764 1381 806 Filium

35 834 356 889 discrepantem.
390 832 449 871 Ex
481 846 530 871 eo
552 831 663 871 enim
690 832 760 887 qui
786 821 872 877 est,
895 845 917 861 <
894 846 1021 886 Dener
1027 832 1129 879 atio;
1155 848 1204 874 cx
1227 835 1383 890 seinpi-

31 902 148 946 terno
177 903 312 948 Deus,
338 917 387 941 ex
417 901 535 941 Patie
558 899 712 948 Filius,
741 915 790 940 ex
815 863 916 940 DeoD
935 899 1120 942 Verbum
1139 934 1149 949 ‚
1181 903 1295 958 splen
1308 905 1379 965 'lor

31 972 446 1031 gloriae‚‹cba1;:1(ter
471 970 568 1010 subs
576 969 740 1017 tuitiae,
765 971 985 1025 speculum
1014 970 1116 1017 Dei,
1151 961 1380 1027 majestatis

32 1045 194 1099 imago,
224 1041 274 1082 do
310 1041 421 1081 bono
446 1039 636 1085 bonitas,
662 1041 713 1079 de
743 1033 930 1095 sapiente
964 1040 1189 1095 sapientia,
1218 1042 1268 1081 de
1289 1042 1386 1083 sorti

29 1114 160 1154 virtus
176 1146 185 1160 ‚
206 1113 257 1152 de
275 1126 371 1151 vero
396 1109 546 1150 veritas
563 1141 572 1156 ,
595 1108 645 1149 de
667 1106 830 1150 vivente
850 1109 946 1150 vita.
972 1109 1243 1152 Concordant
1260 1110 1385 1168 i'g'itur

29 1183 161 1225 Patris
194 1190 236 1222 ct
267 1180 359 1222 Filii
395 1179 576 1226 indicia,
609 1179 761 1234 quibus
794 1193 876 1220 non
910 1179 1148 1235 discrepare
1181 1180 1289 1238 inter
1315 1197 1382 1230 se,

31 1254 102 1293 sed
131 1251 253 1292 unius
276 1248 507 1304 majestatis
531 1262 621 1288 esse
645 1246 768 1288 nomo
793 1248 1062 1290 dubitaverit.
1090 1250 1282 1300 Quorum
1305 1251 1383 1292 sin-

30 1323 223 1398 gulornin
246 1319 529 1376 proferremus
550 1318 742 1374 exempla
761 1317 983 1359 nominum
1001 1351 1010 1366 ,
1031 1318 1108 1359 nisi
1131 1321 1375 1362 coarctandi

31 1390 235 1432 sermonis
259 1388 397 1430 stud10
423 1398 678 1428 teneremur.

89 1462 157 1503 lv.
193 1460 261 1501 llis
290 1459 515 1500 duodecim
535 1466 735 1521 tanquam
752 1457 962 1513 lapidibus
980 1458 1173 1521 pretiosis
1191 1457 1287 1501 fidei
1306 1475 1384 1502 co-

27 1535 171 1576 lnmua
198 1545 391 1586 consnw
387 1538 428 1570 .t.
457 1529 506 1569 lli
534 1536 632 1569 sunt
659 1527 771 1568 enim
796 1527 964 1584 pietiosi
986 1528 1042 1569 illi
1066 1517 1262 1584 lapides¹,
1294 1547 1378 1572 sar-

30 1605 147 1646 dius.
171 1600 324 1658 jaspis,
355 1599 627 1654 smaragdus,
657 1598 761 1654 chr)
766 1597 942 1647 solitus,
971 1607 1012 1639 et
1038 1613 1057 1639 c
1063 1599 1201 1646 wetcii,
1227 1600 1380 1655 quibus

28 1672 161 1716 sancti
187 1673 324 1713 Aaron
343 1702 352 1717 ,
380 1669 487 1710 illius
494 1631 660 1723 &utique
683 1668 751 1722 qui
772 1631 944 1722 fignrani
964 1667 1071 1724 gerit
1090 1668 1268 1716 Christi,
1294 1671 1379 1712 veri

28 1743 182 1784 scilicet
205 1740 499 1782 vestimentum
515 1736 744 1779 sacerdotis
760 1735 958 1777 intexitur
977 1751 987 1778 ι
1009 1729 1258 1780 circumdati
1278 1755 1378 1782 auro

24 1811 205 1868 lapides,
237 1818 278 1851 et
301 1808 498 1864 insculpti
527 1808 578 1867 de
609 1806 851 1848 nominibus
873 1805 1055 1848 filiorum
1087 1802 1239 1857 Israel,
1267 1799 1377 1851 duo-

28 1883 163 1924 decim
191 1881 348 1937 lapides
371 1879 448 1920 sibi
486 1866 665 1919 invicem
700 1876 972 1919 cohaerentes,
1004 1877 1105 1920 Nam
1136 1879 1167 1920 si
1195 1895 1265 1922 eos
1298 1883 1376 1923 ali-

27 1953 117 2009 quis
149 1959 311 2008 separet
344 1958 468 2005 atque
499 1955 714 1996 secernat,
748 1947 884 1989 omnis
915 1942 1013 1989 'fidei
1045 1956 1257 1992 structura
1288 1951 1372 1993 dis-

27 2022 211 2064 solvitur.
371 2076 374 2079 ·
539 2073 544 2077 ·
586 2076 589 2079 Δ
1022 2062 1050 2077 Ι.

83 2091 131 2134 V.
169 2091 316 2145 Itaque
339 2088 592 2144 principium
616 2086 713 2128 fidei
737 2094 889 2128 nostiae
913 2095 975 2139 est
998 2087 1104 2129 scire
1120 2082 1274 2148 quod„
1254 2091 1372 2133 oeni-

26 2170 91 2203 tus
115 2170 177 2202 est
198 2159 273 2202 Dei
296 2158 456 2200 Filius:
478 2157 509 2198 si
533 2157 696 2214 genitus
717 2171 800 2198 non
823 2165 907 2204 est,
934 2171 1011 2198 nec
1031 2157 1159 2199 Filius
1183 2168 1256 2201 est.
1285 2160 1371 2204 Nec

26 2232 122 2295 satis
145 2239 207 2295 est
228 2218 378 2272 diXisse
407 2216 580 2275 Filium,
606 2226 685 2269 nisi
711 2235 753 2269 et
776 2209 1039 2283 unigenitum
1058 2227 1211 2270 Filium
1224 2221 1374 2288 desig-

25 2292 200 2343 naveris.
228 2298 271 2341 Si
301 2306 492 2340 creatura
515 2305 603 2343 est,
634 2285 745 2338 Deus
767 2311 852 2338 non
876 2305 967 2338 est:
988 2296 1021 2338 si
1040 2297 1151 2340 Deus
1174 2314 1260 2341 non
1290 2309 1367 2350 est,

25 2385 102 2413 nec
123 2371 205 2412 vita
227 2377 319 2411 est:
344 2368 376 2410 si
397 2382 481 2409 non
505 2376 568 2409 est
589 2366 697 2414 vita,
724 2381 802 2408 nec
824 2367 975 2408 veritas
994 2375 1068 2409 est.

83 2440 151 2484 VL
189 2440 300 2495 Ertro
320 2438 396 2481 tria
417 2439 504 2486 illa
524 2437 661 2484 idest,
680 2436 908 2496 generatio,
932 2437 1088 2489 Filius,
1111 2439 1366 2496 unigenitus,

24 2510 311 2569 principalitet
329 2499 383 2549 et
391 2502 559 2564 proprie
577 2496 764 2549 indicant
784 2522 834 2548 ex
853 2507 941 2549 Deo
963 2507 1130 2551 Filium.

63 2579 173 2628 Vll.
209 2579 306 2622 Tria
325 2577 564 2634 sequentia,
583 2577 729 2627 idest,
753 2576 890 2627 Deus,
913 2576 1022 2628 vita,
1042 2579 1215 2630 veritas,
1235 2581 1368 2626 virtu-

71 2681 82 2696 ·
100 2670 202 2704 Exod.
219 2680 335 2707 xuni,
351 2680 401 2713 17,
420 2675 452 2703 et
466 2678 557 2712 seqq.

1177 2730 1220 2778 4.
