<?xml version="1.0" encoding="UTF-8"?>
<!DOCTYPE html PUBLIC "-//W3C//DTD XHTML 1.0 Transitional//EN"
    "http://www.w3.org/TR/xhtml1/DTD/xhtml1-transitional.dtd">
<html xmlns="http://www.w3.org/1999/xhtml" xml:lang="en" lang="en">
 <head>
  <title>
</title>
<meta http-equiv="Content-Type" content="text/html;charset=utf-8" />
  <meta name='ocr-system' content='tesseract 3.04.00' />
  <meta name='ocr-capabilities' content='ocr_page ocr_carea ocr_par ocr_line ocrx_word'/>
</head>
<body>
  <div class='ocr_page' id='page_1' title='image "./omniaequaeextant06ambruoft_0201.png"; bbox 0 0 1806 3256; ppageno 0'>
   <div class='ocr_carea' id='block_1_1' title="bbox 520 268 1397 316">
    <p class='ocr_par' dir='ltr' id='par_1_1' title="bbox 520 268 1397 316">
     <span class='ocr_line' id='line_1_1' title="bbox 520 268 1397 316; baseline -0.002 -7"><span class='ocrx_word' id='word_1_1' title='bbox 520 284 570 309; x_wconf 65' lang='lat' dir='ltr'>nis</span> <span class='ocrx_word' id='word_1_2' title='bbox 606 283 716 316; x_wconf 66' lang='lat' dir='ltr'>rina,</span> <span class='ocrx_word' id='word_1_3' title='bbox 753 282 832 308; x_wconf 74' lang='lat' dir='ltr'>Lm.</span> <span class='ocrx_word' id='word_1_4' title='bbox 873 281 925 307; x_wconf 92' lang='lat' dir='ltr'>1v.</span> <span class='ocrx_word' id='word_1_5' title='bbox 1321 268 1397 309; x_wconf 65' lang='lat'>185</span> 
     </span>
    </p>
   </div>
   <div class='ocr_carea' id='block_1_2' title="bbox 0 357 1414 2527">
    <p class='ocr_par' dir='ltr' id='par_1_2' title="bbox 16 357 1397 771">
     <span class='ocr_line' id='line_1_2' title="bbox 16 357 1393 414; baseline -0.004 -8"><span class='ocrx_word' id='word_1_6' title='bbox 16 391 21 397; x_wconf 88' lang='lat'>·</span> <span class='ocrx_word' id='word_1_7' title='bbox 51 363 182 407; x_wconf 85' lang='lat' dir='ltr'>deseri</span> <span class='ocrx_word' id='word_1_8' title='bbox 211 363 275 404; x_wconf 91' lang='lat' dir='ltr'>vel</span> <span class='ocrx_word' id='word_1_9' title='bbox 302 359 432 403; x_wconf 80' lang='lat' dir='ltr'><strong>recidi</strong></span> <span class='ocrx_word' id='word_1_10' title='bbox 465 375 474 401; x_wconf 90' lang='lat'>:</span> <span class='ocrx_word' id='word_1_11' title='bbox 508 368 548 401; x_wconf 86' lang='lat' dir='ltr'>et</span> <span class='ocrx_word' id='word_1_12' title='bbox 575 375 624 400; x_wconf 92' lang='lat' dir='ltr'>ex</span> <span class='ocrx_word' id='word_1_13' title='bbox 655 360 790 401; x_wconf 85' lang='lat' dir='ltr'>littera</span> <span class='ocrx_word' id='word_1_14' title='bbox 827 357 1083 402; x_wconf 83' lang='lat' dir='ltr'>calumniam</span> <span class='ocrx_word' id='word_1_15' title='bbox 1119 359 1393 414; x_wconf 84' lang='lat' dir='ltr'>comparatis,</span> 
     </span>
     <span class='ocr_line' id='line_1_3' title="bbox 49 427 1395 491; baseline -0.005 -16"><span class='ocrx_word' id='word_1_16' title='bbox 49 433 144 491; x_wconf 83' lang='lat' dir='ltr'>quia</span> <span class='ocrx_word' id='word_1_17' title='bbox 166 432 369 474; x_wconf 86' lang='lat' dir='ltr'>Dominus</span> <span class='ocrx_word' id='word_1_18' title='bbox 386 430 510 472; x_wconf 86' lang='lat' dir='ltr'>vitem</span> <span class='ocrx_word' id='word_1_19' title='bbox 535 445 576 471; x_wconf 85' lang='lat' dir='ltr'>se</span> <span class='ocrx_word' id='word_1_20' title='bbox 598 445 687 471; x_wconf 82' lang='lat' dir='ltr'>esse</span> <span class='ocrx_word' id='word_1_21' title='bbox 704 430 830 478; x_wconf 82' lang='lat' dir='ltr'>dixit,</span> <span class='ocrx_word' id='word_1_22' title='bbox 855 428 1152 470; x_wconf 73' lang='lat' dir='ltr'>incarnationis</span> <span class='ocrx_word' id='word_1_23' title='bbox 1174 442 1257 469; x_wconf 85' lang='lat' dir='ltr'>suae</span> <span class='ocrx_word' id='word_1_24' title='bbox 1274 427 1395 483; x_wconf 79' lang='lat' dir='ltr'>signi-</span> 
     </span>
     <span class='ocr_line' id='line_1_4' title="bbox 49 499 1395 557; baseline -0.006 -11"><span class='ocrx_word' id='word_1_25' title='bbox 49 504 177 547; x_wconf 88' lang='lat' dir='ltr'>ficans</span> <span class='ocrx_word' id='word_1_26' title='bbox 200 500 542 544; x_wconf 74' lang='lat' dir='ltr'>sacramentum?</span> <span class='ocrx_word' id='word_1_27' title='bbox 569 501 726 542; x_wconf 82' lang='lat' dir='ltr'>Tamen</span> <span class='ocrx_word' id='word_1_28' title='bbox 757 501 790 541; x_wconf 86' lang='lat' dir='ltr'>si</span> <span class='ocrx_word' id='word_1_29' title='bbox 812 501 950 557; x_wconf 85' lang='lat' dir='ltr'>placet</span> <span class='ocrx_word' id='word_1_30' title='bbox 974 508 1018 541; x_wconf 90' lang='lat' dir='ltr'>ut</span> <span class='ocrx_word' id='word_1_31' title='bbox 1041 515 1089 540; x_wconf 84' lang='lat' dir='ltr'>ex</span> <span class='ocrx_word' id='word_1_32' title='bbox 1112 499 1248 540; x_wconf 88' lang='lat' dir='ltr'>littera</span> <span class='ocrx_word' id='word_1_33' title='bbox 1277 513 1395 554; x_wconf 84' lang='lat' dir='ltr'>argu-</span> 
     </span>
     <span class='ocr_line' id='line_1_5' title="bbox 48 568 1397 627; baseline -0.005 -11"><span class='ocrx_word' id='word_1_34' title='bbox 48 581 311 620; x_wconf 87' lang='lat' dir='ltr'>mentemur,</span> <span class='ocrx_word' id='word_1_35' title='bbox 340 571 472 613; x_wconf 82' lang='lat' dir='ltr'>fateor</span> <span class='ocrx_word' id='word_1_36' title='bbox 505 580 546 612; x_wconf 86' lang='lat' dir='ltr'>et</span> <span class='ocrx_word' id='word_1_37' title='bbox 577 586 680 627; x_wconf 81' lang='lat' dir='ltr'>ego,</span> <span class='ocrx_word' id='word_1_38' title='bbox 710 570 792 611; x_wconf 91' lang='lat' dir='ltr'>imo</span> <span class='ocrx_word' id='word_1_39' title='bbox 828 568 1030 627; x_wconf 86' lang='lat' dir='ltr'>profiteor</span> <span class='ocrx_word' id='word_1_40' title='bbox 1064 569 1159 626; x_wconf 85' lang='lat' dir='ltr'>quia</span> <span class='ocrx_word' id='word_1_41' title='bbox 1188 569 1314 610; x_wconf 86' lang='lat' dir='ltr'>vitem</span> <span class='ocrx_word' id='word_1_42' title='bbox 1353 584 1397 609; x_wconf 84' lang='lat' dir='ltr'>se</span> 
     </span>
     <span class='ocr_line' id='line_1_6' title="bbox 47 638 1397 691; baseline -0.004 -6"><span class='ocrx_word' id='word_1_43' title='bbox 47 644 176 686; x_wconf 86' lang='lat' dir='ltr'>Filius</span> <span class='ocrx_word' id='word_1_44' title='bbox 203 641 445 684; x_wconf 87' lang='lat' dir='ltr'>nominavit.</span> <span class='ocrx_word' id='word_1_45' title='bbox 480 640 549 682; x_wconf 70' lang='lat' dir='ltr'>vae</span> <span class='ocrx_word' id='word_1_46' title='bbox 577 641 689 682; x_wconf 84' lang='lat' dir='ltr'>enim</span> <span class='ocrx_word' id='word_1_47' title='bbox 714 640 813 682; x_wconf 86' lang='lat' dir='ltr'>mihi</span> <span class='ocrx_word' id='word_1_48' title='bbox 831 673 840 691; x_wconf 92' lang='lat'><strong>‚</strong></span> <span class='ocrx_word' id='word_1_49' title='bbox 865 640 896 681; x_wconf 83' lang='lat' dir='ltr'>si</span> <span class='ocrx_word' id='word_1_50' title='bbox 922 649 1230 681; x_wconf 83' lang='lat' dir='ltr'>sacramentum</span> <span class='ocrx_word' id='word_1_51' title='bbox 1254 638 1397 680; x_wconf 79' lang='lat' dir='ltr'>salutis</span> 
     </span>
     <span class='ocr_line' id='line_1_7' title="bbox 49 712 540 771; baseline -0.008 -16"><span class='ocrx_word' id='word_1_52' title='bbox 49 713 227 771; x_wconf 84' lang='lat' dir='ltr'>publicae</span> <span class='ocrx_word' id='word_1_53' title='bbox 259 712 540 768; x_wconf 77' lang='lat' dir='ltr'>denegavero!</span> 
     </span>
    </p>

    <p class='ocr_par' dir='ltr' id='par_1_3' title="bbox 11 780 1408 1527">
     <span class='ocr_line' id='line_1_8' title="bbox 108 780 1399 838; baseline -0.003 -13"><span class='ocrx_word' id='word_1_54' title='bbox 108 783 230 826; x_wconf 85' lang='lat' dir='ltr'>CLX.</span> <span class='ocrx_word' id='word_1_55' title='bbox 269 782 494 834; x_wconf 85' lang='lat' dir='ltr'>Quomodo</span> <span class='ocrx_word' id='word_1_56' title='bbox 524 796 623 838; x_wconf 82' lang='lat' dir='ltr'>ergo</span> <span class='ocrx_word' id='word_1_57' title='bbox 656 781 778 823; x_wconf 85' lang='lat' dir='ltr'>vultis</span> <span class='ocrx_word' id='word_1_58' title='bbox 811 781 1004 838; x_wconf 88' lang='lat' dir='ltr'>accipere</span> <span class='ocrx_word' id='word_1_59' title='bbox 1042 781 1156 837; x_wconf 83' lang='lat' dir='ltr'>quod</span> <span class='ocrx_word' id='word_1_60' title='bbox 1193 796 1236 822; x_wconf 89' lang='lat' dir='ltr'>se</span> <span class='ocrx_word' id='word_1_61' title='bbox 1273 780 1399 822; x_wconf 87' lang='lat' dir='ltr'>vitem</span> 
     </span>
     <span class='ocr_line' id='line_1_9' title="bbox 48 852 1401 897; baseline -0.003 -1"><span class='ocrx_word' id='word_1_62' title='bbox 48 854 124 897; x_wconf 87' lang='lat' dir='ltr'>Dei</span> <span class='ocrx_word' id='word_1_63' title='bbox 146 854 277 895; x_wconf 87' lang='lat' dir='ltr'>Filius</span> <span class='ocrx_word' id='word_1_64' title='bbox 300 853 557 894; x_wconf 78' lang='lat' dir='ltr'>nominavit?</span> <span class='ocrx_word' id='word_1_65' title='bbox 581 852 622 894; x_wconf 91' lang='lat' dir='ltr'>Si</span> <span class='ocrx_word' id='word_1_66' title='bbox 651 853 885 894; x_wconf 86' lang='lat' dir='ltr'>seeundum</span> <span class='ocrx_word' id='word_1_67' title='bbox 915 852 1095 894; x_wconf 82' lang='lat' dir='ltr'>divinam</span> <span class='ocrx_word' id='word_1_68' title='bbox 1124 852 1401 893; x_wconf 82' lang='lat' dir='ltr'>substantiam</span> 
     </span>
     <span class='ocr_line' id='line_1_10' title="bbox 50 922 1398 979; baseline -0.001 -15"><span class='ocrx_word' id='word_1_69' title='bbox 50 924 207 965; x_wconf 79' lang='lat' dir='ltr'>(lictum</span> <span class='ocrx_word' id='word_1_70' title='bbox 240 923 454 978; x_wconf 81' lang='lat' dir='ltr'>accipitis;</span> <span class='ocrx_word' id='word_1_71' title='bbox 489 932 530 964; x_wconf 88' lang='lat' dir='ltr'>et</span> <span class='ocrx_word' id='word_1_72' title='bbox 562 923 670 964; x_wconf 84' lang='lat' dir='ltr'>sicut</span> <span class='ocrx_word' id='word_1_73' title='bbox 694 923 801 964; x_wconf 84' lang='lat' dir='ltr'>inter</span> <span class='ocrx_word' id='word_1_74' title='bbox 829 922 1053 979; x_wconf 77' lang='lat' dir='ltr'>agricolam</span> <span class='ocrx_word' id='word_1_75' title='bbox 1083 930 1124 964; x_wconf 89' lang='lat' dir='ltr'>et</span> <span class='ocrx_word' id='word_1_76' title='bbox 1155 922 1305 969; x_wconf 85' lang='lat' dir='ltr'>vitem,</span> <span class='ocrx_word' id='word_1_77' title='bbox 1342 922 1398 963; x_wconf 83' lang='lat' dir='ltr'>ita</span> 
     </span>
     <span class='ocr_line' id='line_1_11' title="bbox 49 992 1400 1036; baseline -0.001 -1"><span class='ocrx_word' id='word_1_78' title='bbox 49 993 172 1036; x_wconf 87' lang='lat' dir='ltr'>etiam</span> <span class='ocrx_word' id='word_1_79' title='bbox 202 993 490 1034; x_wconf 72' lang='lat' dir='ltr'>interPaIrem</span> <span class='ocrx_word' id='word_1_80' title='bbox 514 1001 556 1034; x_wconf 85' lang='lat' dir='ltr'>et</span> <span class='ocrx_word' id='word_1_81' title='bbox 577 994 730 1034; x_wconf 80' lang='lat' dir='ltr'>Filium</span> <span class='ocrx_word' id='word_1_82' title='bbox 758 993 995 1035; x_wconf 83' lang='lat' dir='ltr'>Divinitatis</span> <span class='ocrx_word' id='word_1_83' title='bbox 1016 994 1184 1035; x_wconf 81' lang='lat' dir='ltr'>creditis</span> <span class='ocrx_word' id='word_1_84' title='bbox 1207 1008 1296 1034; x_wconf 85' lang='lat' dir='ltr'>esse</span> <span class='ocrx_word' id='word_1_85' title='bbox 1315 992 1400 1034; x_wconf 84' lang='lat' dir='ltr'>dis-</span> 
     </span>
     <span class='ocr_line' id='line_1_12' title="bbox 51 1063 1398 1119; baseline 0.001 -16"><span class='ocrx_word' id='word_1_86' title='bbox 51 1063 221 1104; x_wconf 84' lang='lat' dir='ltr'>tantiam</span> <span class='ocrx_word' id='word_1_87' title='bbox 239 1094 249 1110; x_wconf 90' lang='lat'>,</span> <span class='ocrx_word' id='word_1_88' title='bbox 270 1063 477 1118; x_wconf 80' lang='lat' dir='ltr'>geminam</span> <span class='ocrx_word' id='word_1_89' title='bbox 502 1063 606 1103; x_wconf 64' lang='lat' dir='ltr'>Filio</span> <span class='ocrx_word' id='word_1_90' title='bbox 624 1095 632 1110; x_wconf 94' lang='lat'><em>‚</em></span> <span class='ocrx_word' id='word_1_91' title='bbox 654 1063 861 1119; x_wconf 79' lang='lat' dir='ltr'>geminam</span> <span class='ocrx_word' id='word_1_92' title='bbox 886 1063 996 1104; x_wconf 82' lang='lat' dir='ltr'>Patri</span> <span class='ocrx_word' id='word_1_93' title='bbox 1018 1063 1148 1104; x_wconf 78' lang='lat' dir='ltr'>facitis</span> <span class='ocrx_word' id='word_1_94' title='bbox 1169 1063 1362 1118; x_wconf 83' lang='lat' dir='ltr'>injuriam</span> <span class='ocrx_word' id='word_1_95' title='bbox 1389 1077 1398 1103; x_wconf 79' lang='lat' dir='ltr'>z</span> 
     </span>
     <span class='ocr_line' id='line_1_13' title="bbox 11 1133 1403 1188; baseline 0.001 -15"><span class='ocrx_word' id='word_1_96' title='bbox 11 1151 14 1155; x_wconf 75' lang='grc'>’</span> <span class='ocrx_word' id='word_1_97' title='bbox 49 1133 182 1180; x_wconf 90' lang='lat' dir='ltr'>Filio,</span> <span class='ocrx_word' id='word_1_98' title='bbox 217 1133 311 1188; x_wconf 88' lang='lat' dir='ltr'>quia</span> <span class='ocrx_word' id='word_1_99' title='bbox 347 1133 377 1173; x_wconf 85' lang='lat' dir='ltr'>si</span> <span class='ocrx_word' id='word_1_100' title='bbox 409 1134 641 1174; x_wconf 84' lang='lat' dir='ltr'>secundum</span> <span class='ocrx_word' id='word_1_101' title='bbox 678 1133 942 1174; x_wconf 76' lang='lat' dir='ltr'>Divinitatom</span> <span class='ocrx_word' id='word_1_102' title='bbox 979 1133 1148 1174; x_wconf 80' lang='lat' dir='ltr'>inferior</span> <span class='ocrx_word' id='word_1_103' title='bbox 1186 1141 1245 1174; x_wconf 84' lang='lat' dir='ltr'>est</span> <span class='ocrx_word' id='word_1_104' title='bbox 1278 1148 1403 1188; x_wconf 87' lang='lat' dir='ltr'>quam</span> 
     </span>
     <span class='ocr_line' id='line_1_14' title="bbox 52 1203 1403 1261; baseline 0.001 -18"><span class='ocrx_word' id='word_1_105' title='bbox 52 1203 255 1260; x_wconf 84' lang='lat' dir='ltr'>agricola,</span> <span class='ocrx_word' id='word_1_106' title='bbox 292 1203 462 1244; x_wconf 85' lang='lat' dir='ltr'>inferior</span> <span class='ocrx_word' id='word_1_107' title='bbox 492 1203 616 1244; x_wconf 82' lang='lat' dir='ltr'>etiam</span> <span class='ocrx_word' id='word_1_108' title='bbox 646 1205 774 1245; x_wconf 88' lang='lat' dir='ltr'>Paulo</span> <span class='ocrx_word' id='word_1_109' title='bbox 793 1205 978 1261; x_wconf 77' lang='lat' dir='ltr'>apostolo</span> <span class='ocrx_word' id='word_1_110' title='bbox 1010 1213 1142 1245; x_wconf 73' lang='lat' dir='ltr'>vestra</span> <span class='ocrx_word' id='word_1_111' title='bbox 1176 1204 1403 1245; x_wconf 74' lang='lat' dir='ltr'>assertione</span> 
     </span>
     <span class='ocr_line' id='line_1_15' title="bbox 50 1273 1406 1330; baseline -0.001 -16"><span class='ocrx_word' id='word_1_112' title='bbox 50 1288 220 1315; x_wconf 84' lang='lat' dir='ltr'>necesse</span> <span class='ocrx_word' id='word_1_113' title='bbox 245 1281 308 1314; x_wconf 79' lang='lat' dir='ltr'>est</span> <span class='ocrx_word' id='word_1_114' title='bbox 330 1273 584 1321; x_wconf 74' lang='lat' dir='ltr'>aestimctur,</span> <span class='ocrx_word' id='word_1_115' title='bbox 621 1273 717 1329; x_wconf 83' lang='lat' dir='ltr'>quia</span> <span class='ocrx_word' id='word_1_116' title='bbox 748 1283 790 1314; x_wconf 86' lang='lat' dir='ltr'>et</span> <span class='ocrx_word' id='word_1_117' title='bbox 810 1274 963 1315; x_wconf 82' lang='lat' dir='ltr'>Paulus</span> <span class='ocrx_word' id='word_1_118' title='bbox 989 1273 1215 1330; x_wconf 78' lang='lat' dir='ltr'>agricolam</span> <span class='ocrx_word' id='word_1_119' title='bbox 1249 1288 1292 1314; x_wconf 86' lang='lat' dir='ltr'>se</span> <span class='ocrx_word' id='word_1_120' title='bbox 1318 1288 1406 1314; x_wconf 83' lang='lat' dir='ltr'>esse</span> 
     </span>
     <span class='ocr_line' id='line_1_16' title="bbox 53 1343 1408 1401; baseline -0.001 -16"><span class='ocrx_word' id='word_1_121' title='bbox 53 1344 180 1391; x_wconf 84' lang='lat' dir='ltr'>dixit,</span> <span class='ocrx_word' id='word_1_122' title='bbox 214 1343 323 1385; x_wconf 84' lang='lat' dir='ltr'>sicut</span> <span class='ocrx_word' id='word_1_123' title='bbox 358 1343 654 1400; x_wconf 76' lang='lat' dir='ltr'>l1abes:«Eg0</span> <span class='ocrx_word' id='word_1_124' title='bbox 692 1344 900 1401; x_wconf 83' lang='lat' dir='ltr'>plantavi,</span> <span class='ocrx_word' id='word_1_125' title='bbox 938 1344 1088 1400; x_wconf 84' lang='lat' dir='ltr'>Apollo</span> <span class='ocrx_word' id='word_1_126' title='bbox 1124 1343 1292 1400; x_wconf 81' lang='lat' dir='ltr'>rigavit3</span> <span class='ocrx_word' id='word_1_127' title='bbox 1335 1343 1408 1384; x_wconf 85' lang='lat' dir='ltr'>sed</span> 
     </span>
     <span class='ocr_line' id='line_1_17' title="bbox 53 1413 1406 1470; baseline 0 -17"><span class='ocrx_word' id='word_1_128' title='bbox 53 1414 191 1455; x_wconf 80' lang='lat' dir='ltr'>»Deus</span> <span class='ocrx_word' id='word_1_129' title='bbox 222 1413 529 1455; x_wconf 81' lang='lat' dir='ltr'>incrementum</span> <span class='ocrx_word' id='word_1_130' title='bbox 555 1413 715 1456; x_wconf 84' lang='lat' dir='ltr'>dedit¹.</span> <span class='ocrx_word' id='word_1_131' title='bbox 735 1433 748 1452; x_wconf 68' lang='grc' dir='ltr'><strong>υ</strong></span> <span class='ocrx_word' id='word_1_132' title='bbox 782 1414 887 1456; x_wconf 79' lang='lat' dir='ltr'>Num</span> <span class='ocrx_word' id='word_1_133' title='bbox 913 1429 1011 1470; x_wconf 72' lang='lat' dir='ltr'>ergo</span> <span class='ocrx_word' id='word_1_134' title='bbox 1037 1413 1158 1454; x_wconf 76' lang='lat' dir='ltr'>vultis</span> <span class='ocrx_word' id='word_1_135' title='bbox 1186 1422 1230 1454; x_wconf 91' lang='lat' dir='ltr'>ut</span> <span class='ocrx_word' id='word_1_136' title='bbox 1254 1413 1406 1454; x_wconf 81' lang='lat' dir='ltr'>Paulus</span> 
     </span>
     <span class='ocr_line' id='line_1_18' title="bbox 53 1484 534 1527; baseline -0.004 -1"><span class='ocrx_word' id='word_1_137' title='bbox 53 1485 203 1527; x_wconf 85' lang='lat' dir='ltr'>melior</span> <span class='ocrx_word' id='word_1_138' title='bbox 226 1485 276 1525; x_wconf 90' lang='lat' dir='ltr'>sit</span> <span class='ocrx_word' id='word_1_139' title='bbox 300 1484 375 1525; x_wconf 89' lang='lat' dir='ltr'>Dei</span> <span class='ocrx_word' id='word_1_140' title='bbox 398 1484 534 1525; x_wconf 75' lang='lat' dir='ltr'>Filioi‘</span> 
     </span>
    </p>

    <p class='ocr_par' dir='ltr' id='par_1_4' title="bbox 0 1554 1414 2088">
     <span class='ocr_line' id='line_1_19' title="bbox 110 1554 1408 1611; baseline 0 -16"><span class='ocrx_word' id='word_1_141' title='bbox 110 1555 250 1596; x_wconf 69' lang='lat' dir='ltr'>CLXI.</span> <span class='ocrx_word' id='word_1_142' title='bbox 294 1554 500 1595; x_wconf 80' lang='lat' dir='ltr'>llabetitis</span> <span class='ocrx_word' id='word_1_143' title='bbox 535 1568 657 1595; x_wconf 80' lang='lat' dir='ltr'>unam</span> <span class='ocrx_word' id='word_1_144' title='bbox 683 1555 896 1611; x_wconf 81' lang='lat' dir='ltr'>injuriam.</span> <span class='ocrx_word' id='word_1_145' title='bbox 927 1555 1111 1596; x_wconf 82' lang='lat' dir='ltr'>Alteram</span> <span class='ocrx_word' id='word_1_146' title='bbox 1131 1587 1139 1601; x_wconf 93' lang='lat'><strong>,</strong></span> <span class='ocrx_word' id='word_1_147' title='bbox 1166 1554 1262 1611; x_wconf 77' lang='lat' dir='ltr'>quia</span> <span class='ocrx_word' id='word_1_148' title='bbox 1290 1554 1322 1595; x_wconf 78' lang='lat' dir='ltr'>si</span> <span class='ocrx_word' id='word_1_149' title='bbox 1349 1569 1408 1595; x_wconf 85' lang='lat' dir='ltr'>se·</span> 
     </span>
     <span class='ocr_line' id='line_1_20' title="bbox 50 1625 1396 1681; baseline -0.001 -15"><span class='ocrx_word' id='word_1_150' title='bbox 50 1625 234 1666; x_wconf 80' lang='lat' dir='ltr'>cundum</span> <span class='ocrx_word' id='word_1_151' title='bbox 263 1625 537 1666; x_wconf 82' lang='lat' dir='ltr'>substantiam</span> <span class='ocrx_word' id='word_1_152' title='bbox 556 1626 835 1681; x_wconf 71' lang='lat' dir='ltr'>generationis</span> <span class='ocrx_word' id='word_1_153' title='bbox 852 1633 1015 1666; x_wconf 75' lang='lat' dir='ltr'>aeteruze</span> <span class='ocrx_word' id='word_1_154' title='bbox 1033 1658 1042 1672; x_wconf 84' lang='lat'><strong><em>,</em></strong></span> <span class='ocrx_word' id='word_1_155' title='bbox 1063 1626 1156 1666; x_wconf 71' lang='lat' dir='ltr'>vitis</span> <span class='ocrx_word' id='word_1_156' title='bbox 1174 1637 1235 1666; x_wconf 79' lang='lat' dir='ltr'>est</span> <span class='ocrx_word' id='word_1_157' title='bbox 1253 1625 1396 1673; x_wconf 80' lang='lat' dir='ltr'>Filius,</span> 
     </span>
     <span class='ocr_line' id='line_1_21' title="bbox 54 1694 1406 1753; baseline 0 -17"><span class='ocrx_word' id='word_1_158' title='bbox 54 1710 148 1736; x_wconf 85' lang='lat' dir='ltr'>cum</span> <span class='ocrx_word' id='word_1_159' title='bbox 175 1696 352 1736; x_wconf 77' lang='lat' dir='ltr'>dixerit:</span> <span class='ocrx_word' id='word_1_160' title='bbox 373 1695 483 1752; x_wconf 81' lang='lat' dir='ltr'>«Ego</span> <span class='ocrx_word' id='word_1_161' title='bbox 510 1711 602 1736; x_wconf 82' lang='lat' dir='ltr'>sum</span> <span class='ocrx_word' id='word_1_162' title='bbox 638 1696 755 1743; x_wconf 78' lang='lat' dir='ltr'>vitis,</span> <span class='ocrx_word' id='word_1_163' title='bbox 781 1712 850 1737; x_wconf 76' lang='lat' dir='ltr'>vos</span> <span class='ocrx_word' id='word_1_164' title='bbox 876 1697 1067 1753; x_wconf 74' lang='lat' dir='ltr'>palmites</span> <span class='ocrx_word' id='word_1_165' title='bbox 1095 1694 1268 1743; x_wconf 81' lang='lat' dir='ltr'>estis²;»</span> <span class='ocrx_word' id='word_1_166' title='bbox 1286 1695 1406 1736; x_wconf 87' lang='lat' dir='ltr'>unius</span> 
     </span>
     <span class='ocr_line' id='line_1_22' title="bbox 53 1765 1408 1822; baseline -0.003 -14"><span class='ocrx_word' id='word_1_167' title='bbox 53 1765 275 1808; x_wconf 75' lang='lat' dir='ltr'>nobiscum</span> <span class='ocrx_word' id='word_1_168' title='bbox 302 1766 427 1806; x_wconf 82' lang='lat' dir='ltr'>etiam</span> <span class='ocrx_word' id='word_1_169' title='bbox 461 1767 529 1807; x_wconf 89' lang='lat' dir='ltr'>illa</span> <span class='ocrx_word' id='word_1_170' title='bbox 554 1766 688 1807; x_wconf 79' lang='lat' dir='ltr'>divina</span> <span class='ocrx_word' id='word_1_171' title='bbox 713 1768 925 1822; x_wconf 80' lang='lat' dir='ltr'>generatio</span> <span class='ocrx_word' id='word_1_172' title='bbox 961 1766 1170 1807; x_wconf 78' lang='lat' dir='ltr'>videbitur</span> <span class='ocrx_word' id='word_1_173' title='bbox 1198 1781 1288 1808; x_wconf 84' lang='grc'><strong>6556</strong></span> <span class='ocrx_word' id='word_1_174' title='bbox 1314 1765 1408 1807; x_wconf 83' lang='lat' dir='ltr'>suh-</span> 
     </span>
     <span class='ocr_line' id='line_1_23' title="bbox 54 1835 1409 1891; baseline 0 -14"><span class='ocrx_word' id='word_1_175' title='bbox 54 1836 225 1877; x_wconf 73' lang='lat' dir='ltr'>slantiae.</span> <span class='ocrx_word' id='word_1_176' title='bbox 268 1835 350 1877; x_wconf 86' lang='lat' dir='ltr'>Sed</span> <span class='ocrx_word' id='word_1_177' title='bbox 382 1836 472 1891; x_wconf 83' lang='lat' dir='ltr'>quis</span> <span class='ocrx_word' id='word_1_178' title='bbox 508 1836 654 1877; x_wconf 84' lang='lat' dir='ltr'>similis</span> <span class='ocrx_word' id='word_1_179' title='bbox 692 1836 764 1877; x_wconf 80' lang='lat' dir='ltr'>tihi</span> <span class='ocrx_word' id='word_1_180' title='bbox 800 1837 841 1878; x_wconf 91' lang='lat' dir='ltr'>in</span> <span class='ocrx_word' id='word_1_181' title='bbox 877 1837 975 1885; x_wconf 78' lang='lat' dir='ltr'>diis,</span> <span class='ocrx_word' id='word_1_182' title='bbox 1010 1835 1233 1883; x_wconf 83' lang='lat' dir='ltr'>Domiue³‚</span> <span class='ocrx_word' id='word_1_183' title='bbox 1259 1855 1273 1874; x_wconf 88' lang='lat'>»</span> <span class='ocrx_word' id='word_1_184' title='bbox 1300 1837 1409 1877; x_wconf 83' lang='lat' dir='ltr'>sicut</span> 
     </span>
     <span class='ocr_line' id='line_1_24' title="bbox 0 1906 1414 1962; baseline -0.001 -15"><span class='ocrx_word' id='word_1_185' title='bbox 0 1935 2 1937; x_wconf 65' lang='grc'><em>»</em></span> <span class='ocrx_word' id='word_1_186' title='bbox 55 1906 258 1962; x_wconf 83' lang='lat' dir='ltr'>scriplum</span> <span class='ocrx_word' id='word_1_187' title='bbox 283 1914 344 1947; x_wconf 83' lang='lat' dir='ltr'>est</span> <span class='ocrx_word' id='word_1_188' title='bbox 362 1906 379 1946; x_wconf 78' lang='grc' dir='ltr'>Ξ)</span> <span class='ocrx_word' id='word_1_189' title='bbox 399 1906 450 1948; x_wconf 87' lang='lat' dir='ltr'>Et</span> <span class='ocrx_word' id='word_1_190' title='bbox 467 1922 610 1948; x_wconf 78' lang='lat' dir='ltr'>rursus</span> <span class='ocrx_word' id='word_1_191' title='bbox 637 1907 865 1960; x_wconf 40' lang='lat' dir='ltr'>in&#39;ZPsalmo</span> <span class='ocrx_word' id='word_1_192' title='bbox 892 1923 899 1948; x_wconf 92' lang='lat'>:</span> <span class='ocrx_word' id='word_1_193' title='bbox 919 1907 1156 1958; x_wconf 84' lang='lat' dir='ltr'>«Quoniam</span> <span class='ocrx_word' id='word_1_194' title='bbox 1173 1907 1262 1962; x_wconf 81' lang='lat' dir='ltr'>quis</span> <span class='ocrx_word' id='word_1_195' title='bbox 1281 1906 1321 1948; x_wconf 91' lang='lat' dir='ltr'>in</span> <span class='ocrx_word' id='word_1_196' title='bbox 1342 1922 1414 1947; x_wconf 90' lang='lat' dir='ltr'>nu·</span> 
     </span>
     <span class='ocr_line' id='line_1_25' title="bbox 54 1975 1412 2033; baseline 0.002 -18"><span class='ocrx_word' id='word_1_197' title='bbox 54 1975 205 2017; x_wconf 84' lang='lat' dir='ltr'>»bibus</span> <span class='ocrx_word' id='word_1_198' title='bbox 232 1977 469 2033; x_wconf 80' lang='lat' dir='ltr'>aequabitur</span> <span class='ocrx_word' id='word_1_199' title='bbox 487 1977 698 2018; x_wconf 77' lang='lat' dir='ltr'>Domino?</span> <span class='ocrx_word' id='word_1_200' title='bbox 716 1986 786 2018; x_wconf 89' lang='lat' dir='ltr'>aut</span> <span class='ocrx_word' id='word_1_201' title='bbox 816 1978 907 2033; x_wconf 86' lang='lat' dir='ltr'>quis</span> <span class='ocrx_word' id='word_1_202' title='bbox 931 1977 1074 2018; x_wconf 82' lang='lat' dir='ltr'>similis</span> <span class='ocrx_word' id='word_1_203' title='bbox 1092 1976 1171 2019; x_wconf 82' lang='lat' dir='ltr'>erit</span> <span class='ocrx_word' id='word_1_204' title='bbox 1191 1978 1277 2020; x_wconf 87' lang='lat' dir='ltr'>Deo</span> <span class='ocrx_word' id='word_1_205' title='bbox 1302 1977 1412 2018; x_wconf 83' lang='lat' dir='ltr'>inter</span> 
     </span>
     <span class='ocr_line' id='line_1_26' title="bbox 55 2046 366 2088; baseline 0 -2"><span class='ocrx_word' id='word_1_206' title='bbox 55 2065 70 2084; x_wconf 89' lang='lat'>»</span> <span class='ocrx_word' id='word_1_207' title='bbox 86 2046 191 2088; x_wconf 81' lang='lat' dir='ltr'>lilios</span> <span class='ocrx_word' id='word_1_208' title='bbox 209 2047 285 2087; x_wconf 49' lang='lat' dir='ltr'>Dei</span> <span class='ocrx_word' id='word_1_209' title='bbox 301 2046 339 2086; x_wconf 69' lang='lat'>‘⁴9</span> <span class='ocrx_word' id='word_1_210' title='bbox 353 2066 366 2084; x_wconf 87' lang='lat'>»</span> 
     </span>
    </p>

    <p class='ocr_par' dir='ltr' id='par_1_5' title="bbox 55 2116 1411 2386">
     <span class='ocr_line' id='line_1_27' title="bbox 115 2116 1411 2174; baseline 0.002 -17"><span class='ocrx_word' id='word_1_211' title='bbox 115 2117 275 2158; x_wconf 66' lang='lat' dir='ltr'><strong>CLXII.</strong></span> <span class='ocrx_word' id='word_1_212' title='bbox 321 2116 406 2158; x_wconf 84' lang='lat' dir='ltr'>Nec</span> <span class='ocrx_word' id='word_1_213' title='bbox 432 2125 571 2158; x_wconf 81' lang='lat' dir='ltr'>tamen</span> <span class='ocrx_word' id='word_1_214' title='bbox 600 2118 675 2159; x_wconf 75' lang='lat' dir='ltr'>soli</span> <span class='ocrx_word' id='word_1_215' title='bbox 702 2117 808 2158; x_wconf 87' lang='lat' dir='ltr'>Filio</span> <span class='ocrx_word' id='word_1_216' title='bbox 832 2116 1064 2174; x_wconf 79' lang='lat' dir='ltr'>derogatis,</span> <span class='ocrx_word' id='word_1_217' title='bbox 1095 2119 1167 2160; x_wconf 84' lang='lat' dir='ltr'>sed</span> <span class='ocrx_word' id='word_1_218' title='bbox 1189 2118 1313 2160; x_wconf 86' lang='lat' dir='ltr'>etiam</span> <span class='ocrx_word' id='word_1_219' title='bbox 1338 2118 1411 2160; x_wconf 88' lang='lat' dir='ltr'>Pa-</span> 
     </span>
     <span class='ocr_line' id='line_1_28' title="bbox 56 2185 1409 2245; baseline 0.001 -18"><span class='ocrx_word' id='word_1_220' title='bbox 56 2185 120 2228; x_wconf 84' lang='lat' dir='ltr'>tri.</span> <span class='ocrx_word' id='word_1_221' title='bbox 147 2186 249 2228; x_wconf 82' lang='lat' dir='ltr'>Nam</span> <span class='ocrx_word' id='word_1_222' title='bbox 266 2187 297 2227; x_wconf 83' lang='lat' dir='ltr'>si</span> <span class='ocrx_word' id='word_1_223' title='bbox 316 2186 357 2227; x_wconf 81' lang='lat' dir='ltr'>in</span> <span class='ocrx_word' id='word_1_224' title='bbox 377 2187 569 2243; x_wconf 66' lang='lat' dir='ltr'>agriColzr</span> <span class='ocrx_word' id='word_1_225' title='bbox 591 2188 760 2229; x_wconf 82' lang='lat' dir='ltr'>nomine</span> <span class='ocrx_word' id='word_1_226' title='bbox 779 2187 914 2228; x_wconf 75' lang='lat' dir='ltr'>omnis</span> <span class='ocrx_word' id='word_1_227' title='bbox 932 2196 1116 2244; x_wconf 79' lang='lat' dir='ltr'>paternae</span> <span class='ocrx_word' id='word_1_228' title='bbox 1138 2189 1409 2245; x_wconf 68' lang='lat' dir='ltr'>przerogatiia</span> 
     </span>
     <span class='ocr_line' id='line_1_29' title="bbox 55 2257 1409 2315; baseline 0.001 -17"><span class='ocrx_word' id='word_1_229' title='bbox 55 2257 368 2313; x_wconf 73' lang='lat' dir='ltr'>estpotestatis3</span> <span class='ocrx_word' id='word_1_230' title='bbox 389 2272 486 2298; x_wconf 86' lang='lat' dir='ltr'>cum</span> <span class='ocrx_word' id='word_1_231' title='bbox 511 2257 635 2299; x_wconf 83' lang='lat' dir='ltr'>etiam</span> <span class='ocrx_word' id='word_1_232' title='bbox 648 2258 801 2299; x_wconf 79' lang='lat' dir='ltr'>Paulus</span> <span class='ocrx_word' id='word_1_233' title='bbox 815 2258 995 2315; x_wconf 79' lang='lat' dir='ltr'>agricola</span> <span class='ocrx_word' id='word_1_234' title='bbox 1015 2257 1087 2305; x_wconf 76' lang='lat' dir='ltr'>sit,</span> <span class='ocrx_word' id='word_1_235' title='bbox 1112 2259 1224 2300; x_wconf 85' lang='lat' dir='ltr'>Patri</span> <span class='ocrx_word' id='word_1_236' title='bbox 1247 2259 1409 2315; x_wconf 81' lang='lat' dir='ltr'>utique,</span> 
     </span>
     <span class='ocr_line' id='line_1_30' title="bbox 57 2320 1251 2386; baseline 0.003 -18"><span class='ocrx_word' id='word_1_237' title='bbox 57 2327 124 2369; x_wconf 89' lang='lat' dir='ltr'>cui</span> <span class='ocrx_word' id='word_1_238' title='bbox 139 2320 298 2368; x_wconf 39' lang='lat' dir='ltr'>Filium*</span> <span class='ocrx_word' id='word_1_239' title='bbox 313 2328 469 2384; x_wconf 76' lang='lat' dir='ltr'>negatis</span> <span class='ocrx_word' id='word_1_240' title='bbox 492 2330 712 2384; x_wconf 56' lang='lat' dir='ltr'>aequalem,</span> <span class='ocrx_word' id='word_1_241' title='bbox 726 2329 973 2385; x_wconf 73' lang='lat' dir='ltr'>Apostolum</span> <span class='ocrx_word' id='word_1_242' title='bbox 989 2331 1251 2386; x_wconf 82' lang='lat' dir='ltr'>comparatis.</span> 
     </span>
    </p>

    <p class='ocr_par' dir='ltr' id='par_1_6' title="bbox 57 2398 1409 2527">
     <span class='ocr_line' id='line_1_31' title="bbox 113 2398 1402 2459; baseline 0.003 -20"><span class='ocrx_word' id='word_1_243' title='bbox 113 2398 292 2440; x_wconf 70' lang='lat' dir='ltr'>CLthf.</span> <span class='ocrx_word' id='word_1_244' title='bbox 321 2399 481 2440; x_wconf 80' lang='lat' dir='ltr'>Deinde</span> <span class='ocrx_word' id='word_1_245' title='bbox 496 2414 590 2440; x_wconf 85' lang='lat' dir='ltr'>eum</span> <span class='ocrx_word' id='word_1_246' title='bbox 610 2401 813 2456; x_wconf 73' lang='lat' dir='ltr'>scriptum</span> <span class='ocrx_word' id='word_1_247' title='bbox 832 2400 882 2440; x_wconf 83' lang='lat' dir='ltr'>sit</span> <span class='ocrx_word' id='word_1_248' title='bbox 903 2416 911 2440; x_wconf 91' lang='lat'>:</span> <span class='ocrx_word' id='word_1_249' title='bbox 930 2418 944 2436; x_wconf 88' lang='lat'>«</span> <span class='ocrx_word' id='word_1_250' title='bbox 959 2401 1041 2441; x_wconf 65' lang='lat' dir='ltr'>Sed</span> <span class='ocrx_word' id='word_1_251' title='bbox 1056 2416 1189 2457; x_wconf 82' lang='lat' dir='ltr'>neque</span> <span class='ocrx_word' id='word_1_252' title='bbox 1203 2402 1274 2457; x_wconf 84' lang='lat' dir='ltr'>qui</span> <span class='ocrx_word' id='word_1_253' title='bbox 1288 2403 1402 2459; x_wconf 88' lang='lat' dir='ltr'>plan-</span> 
     </span>
     <span class='ocr_line' id='line_1_32' title="bbox 57 2469 1409 2527; baseline 0.006 -20"><span class='ocrx_word' id='word_1_254' title='bbox 57 2475 167 2515; x_wconf 77' lang='lat' dir='ltr'>»tat,</span> <span class='ocrx_word' id='word_1_255' title='bbox 191 2477 253 2509; x_wconf 87' lang='lat' dir='ltr'>est</span> <span class='ocrx_word' id='word_1_256' title='bbox 282 2469 512 2525; x_wconf 82' lang='lat' dir='ltr'>quidquam</span> <span class='ocrx_word' id='word_1_257' title='bbox 529 2503 538 2518; x_wconf 88' lang='lat'><em>,</em></span> <span class='ocrx_word' id='word_1_258' title='bbox 568 2485 704 2526; x_wconf 83' lang='lat' dir='ltr'>neque</span> <span class='ocrx_word' id='word_1_259' title='bbox 730 2471 802 2526; x_wconf 86' lang='lat' dir='ltr'>qui</span> <span class='ocrx_word' id='word_1_260' title='bbox 832 2471 965 2527; x_wconf 79' lang='lat' dir='ltr'>rigat:</span> <span class='ocrx_word' id='word_1_261' title='bbox 987 2472 1061 2513; x_wconf 82' lang='lat' dir='ltr'>sed</span> <span class='ocrx_word' id='word_1_262' title='bbox 1083 2473 1152 2527; x_wconf 86' lang='lat' dir='ltr'>qui</span> <span class='ocrx_word' id='word_1_263' title='bbox 1177 2473 1246 2514; x_wconf 86' lang='lat' dir='ltr'>dat</span> <span class='ocrx_word' id='word_1_264' title='bbox 1271 2472 1409 2515; x_wconf 86' lang='lat' dir='ltr'>incre-</span> 
     </span>
    </p>
   </div>
   <div class='ocr_carea' id='block_1_3' title="bbox 60 2571 1417 2665">
    <p class='ocr_par' dir='ltr' id='par_1_7' title="bbox 60 2571 1417 2665">
     <span class='ocr_line' id='line_1_33' title="bbox 104 2571 1417 2615; baseline 0.006 -15"><span class='ocrx_word' id='word_1_265' title='bbox 104 2579 112 2592; x_wconf 88' lang='lat'>¹</span> <span class='ocrx_word' id='word_1_266' title='bbox 146 2581 155 2600; x_wconf 86' lang='lat'>1</span> <span class='ocrx_word' id='word_1_267' title='bbox 189 2571 268 2602; x_wconf 85' lang='lat' dir='ltr'>Cor.</span> <span class='ocrx_word' id='word_1_268' title='bbox 301 2581 359 2609; x_wconf 81' lang='grc' dir='ltr'>ιιι,</span> <span class='ocrx_word' id='word_1_269' title='bbox 389 2572 421 2604; x_wconf 81' lang='lat'>6.</span> <span class='ocrx_word' id='word_1_270' title='bbox 450 2590 481 2596; x_wconf 90' lang='lat'><em>-</em></span> <span class='ocrx_word' id='word_1_271' title='bbox 520 2579 532 2595; x_wconf 82' lang='lat'>²</span> <span class='ocrx_word' id='word_1_272' title='bbox 562 2574 658 2607; x_wconf 63' lang='lat' dir='ltr'>Jofn.</span> <span class='ocrx_word' id='word_1_273' title='bbox 692 2584 742 2611; x_wconf 76' lang='lat' dir='ltr'>xv,</span> <span class='ocrx_word' id='word_1_274' title='bbox 772 2575 802 2606; x_wconf 84' lang='lat'>5.</span> <span class='ocrx_word' id='word_1_275' title='bbox 828 2592 861 2598; x_wconf 92' lang='lat'>—-</span> <span class='ocrx_word' id='word_1_276' title='bbox 891 2576 903 2597; x_wconf 80' lang='lat'>³</span> <span class='ocrx_word' id='word_1_277' title='bbox 938 2574 1036 2605; x_wconf 59' lang='lat' dir='ltr'>Exorl.</span> <span class='ocrx_word' id='word_1_278' title='bbox 1067 2586 1117 2615; x_wconf 72' lang='lat' dir='ltr'>xv,</span> <span class='ocrx_word' id='word_1_279' title='bbox 1150 2587 1195 2607; x_wconf 81' lang='grc' dir='ltr'>ιι.</span> <span class='ocrx_word' id='word_1_280' title='bbox 1224 2594 1259 2600; x_wconf 83' lang='lat'><em>—</em></span> <span class='ocrx_word' id='word_1_281' title='bbox 1290 2578 1302 2603; x_wconf 79' lang='lat'><em>⁴</em></span> <span class='ocrx_word' id='word_1_282' title='bbox 1334 2576 1417 2609; x_wconf 61' lang='lat' dir='ltr'>Psal.</span> 
     </span>
     <span class='ocr_line' id='line_1_34' title="bbox 60 2633 266 2665; baseline 0.01 -11"><span class='ocrx_word' id='word_1_283' title='bbox 60 2633 213 2663; x_wconf 65' lang='lat' dir='ltr'>Lxxxvni,</span> <span class='ocrx_word' id='word_1_284' title='bbox 236 2637 266 2665; x_wconf 82' lang='lat'>7.</span> 
     </span>
    </p>
   </div>
  </div>
 </body>
</html>
