1806 3256
389 264 469 313 140
928 277 961 305 s.
1000 275 1191 305 Amanosu

386 363 557 405 nutum,
594 369 691 398 cum
723 369 888 412 semper
915 354 1047 398 Filius
1077 355 1117 396 in
1150 355 1293 402 Patre.
1332 361 1371 396 et
1414 353 1456 396 in
1484 353 1590 397 Filio
1610 355 1734 399 Pater

387 425 521 466 esset?

446 493 514 536 IV.
539 493 750 535 Dubitat-it
770 495 808 533 in
828 508 876 534 eo
898 494 983 549 ipse
1000 493 1278 538 Praenuntius,
1295 493 1393 534 licet
1411 508 1486 549 per
1505 492 1732 550 synagogae
1791 491 1794 530 l

389 570 535 619 typum
559 594 569 610 ,
611 563 814 603 dubitavit
852 562 939 618 ipso
973 571 1069 604 ante
1100 563 1268 603 Domini
1301 562 1446 603 faciem
1487 563 1732 605 destinatus.

387 632 575 687 Denique
601 632 733 672 missis
759 632 971 688 discipulis
988 663 998 679 ‚
1029 632 1256 689 interrogat
1283 633 1398 674 :tTu
1423 647 1465 673 es
1489 634 1559 688 qui
1590 642 1735 675 ventu·
1792 632 1795 660 ῗ

386 717 486 742 »rus
508 717 549 742 es
567 734 576 748 ‚
604 717 654 742 an
679 702 805 743 alium
825 702 1177 758 expectamus'P»

446 770 495 814 V.
534 771 855 828 Obstupucrunt
887 781 929 813 et
950 772 1100 829 Angeli
1128 773 1295 814 coeleste
1324 773 1585 829 mysterium.
1619 772 1742 816 Unde
1792 788 1795 836 j

391 855 488 882 cum
518 850 755 897 resurgeret
790 842 1016 889 Dominus,
1041 851 1166 898 atque
1194 843 1309 884 illum
1335 858 1458 898 quem
1485 843 1644 885 dudum
1676 859 1739 885 se·

390 911 577 952 cundum
608 926 777 952 car-nem
803 921 1002 968 angustus
1026 914 1205 969 sepulcri
1240 914 1357 954 locus
1384 921 1571 964 texerat,
1603 929 1740 955 resur·
1793 915 1796 961 Ϊ

391 989 556 1036 gentem
583 982 632 1022 ab
658 981 798 1022 inseris
831 982 924 1022 coeli
950 983 1028 1023 alta
1054 982 1260 1023 sustinere
1283 998 1364 1024 non
1390 992 1582 1040 possent,
1609 982 1744 1024 haese-
1794 1008 1797 1034 2·

391 1059 490 1092 runt
512 1052 636 1093 etiam
659 1052 840 1093 coelestia
861 1052 1068 1108 opinionis
1089 1053 1264 1094 incerto.

453 1120 523 1163 VI.
573 1121 776 1163 Veniebat
821 1123 931 1163 enim
972 1122 1086 1163 novis
1122 1123 1256 1163 victor
1302 1123 1521 1164 redimitus
1558 1125 1740 1174 exuviis,
1794 1154 1796 1174 ;

393 1192 601 1234 Dominus
617 1192 655 1232 in
672 1194 828 1249 templo
843 1202 988 1234 sancto
1003 1209 1101 1240 suo,·
1123 1194 1323 1249 praeibant
1338 1194 1484 1249 Angeli
1502 1203 1542 1235 et
1558 1196 1748 1236 Archan-

392 1263 496 1318 geli,
533 1262 732 1303 mirantes
759 1262 938 1319 spolium
972 1278 1022 1304 ex
1049 1274 1183 1304 morte
1216 1263 1435 1319 quaesitum
1457 1279 1466 1305 :
1487 1273 1528 1305 et
1553 1265 1744 1319 quamvis

394 1333 550 1374 scirent
574 1332 678 1374 nihil
700 1333 787 1374 Deo
812 1335 1016 1374 accedere
1047 1349 1097 1373 ex
1129 1349 1253 1374 carne
1275 1334 1458 1390 potuisse
1477 1368 1485 1381 ,
1509 1335 1603 1390 quia
1637 1335 1742 1377 infra

395 1403 530 1444 Deum
563 1403 702 1443 onmia
729 1411 850 1449 sunt;
885 1411 1021 1444 tamen
1047 1403 1231 1459 trophaea
1257 1404 1418 1450 crucis,
1445 1403 1566 1460 cujus
1589 1404 1747 1461 princi-

395 1473 510 1530 pium
537 1489 661 1529 super
685 1473 882 1515 humeros
908 1473 998 1528 ejus
1014 1506 1023 1520 ,
1043 1482 1082 1515 et
1102 1474 1419 1530 triumphatoris
1436 1476 1578 1516 aeterni
1603 1492 1755 1518 manu*

395 1543 483 1585 bias
520 1543 751 1590 intuentes,
785 1544 900 1599 quasi
928 1559 1024 1585 cum
1051 1559 1176 1599 quern
1204 1545 1429 1586 emiserant
1459 1545 1554 1586 coeti
1585 1553 1719 1601 portae
1738 1578 1749 1594 ,

399 1628 547 1669 capere
580 1629 660 1654 uon
686 1623 875 1670 possent3
899 1614 995 1654 licet
1024 1629 1237 1669 nunquam
1256 1614 1346 1669 ejus
1365 1615 1531 1671 capiant
1549 1615 1742 1671 majesta·

400 1692 504 1731 teni,
529 1684 731 1739 majorem
756 1685 860 1725 viam
884 1685 1127 1740 quaerebant
1148 1685 1327 1740 aliquam
1354 1686 1578 1727 revertenti
1603 1699 1614 1727 ε
1641 1688 1745 1728 adeo

403 1753 507 1795 nihil
531 1754 764 1794 exinanitus
781 1753 977 1795 amiserat
994 1755 1002 1794 1

466 1822 553 1864 VII.
601 1824 758 1865 chuit
798 1833 935 1866 tamen
970 1839 1076 1865 novo
1110 1824 1257 1865 victori
1291 1840 1446 1866 novum
1484 1825 1562 1866 iter
1593 1825 1755 1881 parari3
1796 1873 1799 1882 y

404 1907 570 1949 semper
592 1893 704 1934 enim
727 1894 858 1935 victor
884 1902 1079 1949 tanquam
1102 1893 1238 1948 major
1255 1901 1295 1934 et
1316 1894 1553 1950 praecelsior
1571 1903 1666 1935 est:
1687 1894 1760 1935 sed
1796 1929 1800 1943 ,

404 1962 500 2017 quia
527 1971 693 2004 aeternae
716 1971 812 2004 sunt
840 1964 1006 2019 justitiae
1032 1972 1185 2020 portae,
1212 1965 1455 2019 eaedomque
1488 1963 1591 2006 Novi
1613 1971 1654 2004 et
1678 1963 1762 2006 Ve-

407 2031 504 2072 teris
532 2032 815 2081 Testamenti,
845 2034 998 2089 quibus
1025 2035 1179 2075 coelum
1204 2033 1404 2090 aperitur,
1434 2048 1518 2073 non
1544 2040 1761 2073 mutantur
1796 2070 1800 2091 ·.

405 2101 570 2157 utique,
597 2103 670 2144 sed
691 2103 930 2151 elevantum
956 2103 1051 2159 quia
1076 2118 1159 2144 non
1183 2119 1289 2145 uuus
1312 2103 1468 2152 homo,
1492 2103 1566 2144 sed
1584 2111 1697 2145 totus
1719 2102 1762 2144 in

406 2172 596 2214 omnium
609 2173 892 2230 Redemptore
908 2175 1092 2215 mundus
1113 2174 1309 2215 intrabat.

469 2241 576 2284 VIII.
613 2242 854 2284 Translatus
885 2253 975 2285 erat
1005 2243 1192 2290 Enoch².
1217 2253 1361 2299 raptus
1382 2242 1519 2285 Elias³
1548 2258 1557 2284 :
1584 2244 1655 2284 sed
1678 2257 1763 2284 non
1796 2239 1799 2243 ⁴

408 2318 470 2352 est
491 2326 633 2352 servus
656 2327 781 2369 supra
801 2313 1042 2355 Dominum.
1072 2332 1086 2351 «
1106 2313 1252 2356 Nullus
1275 2313 1385 2354 enim
1411 2313 1600 2355 ascendit
1617 2313 1658 2353 in
1681 2327 1763 2354 coe-
1796 2345 1799 2357 ‚

411 2381 550 2429 »lum,
590 2382 667 2423 nisi
708 2383 779 2439 qui
810 2385 1029 2426 descendit
1056 2385 1106 2425 de
1136 2383 1283 2426 coetofi.
1315 2402 1328 2421 υ
1352 2383 1456 2426 Nam
1493 2391 1534 2425 et
1564 2382 1758 2439 Moysen,
1796 2438 1799 2451 1

410 2449 674 2509 licetcorpus
691 2452 781 2509 ejus
801 2468 884 2495 nou
906 2454 1145 2512 apparuerit
1161 2454 1202 2495 in
1221 2453 1376 2504 terris⁵‚
1392 2468 1599 2510 nusquam
1623 2461 1764 2495 tamen

459 2561 466 2575 ¹
487 2552 607 2586 Matth.
626 2566 672 2593 xi,
688 2557 720 2588 3.
736 2576 776 2582 -
792 2567 804 2582 ²
823 2559 905 2592 Gen.
924 2569 959 2598 v,
989 2569 1039 2591 ιι.
1068 2576 1106 2584 -
1127 2559 1141 2583 ³
1157 2557 1177 2596 4
1207 2559 1286 2601 Reg.
1305 2569 1343 2598 ιι,
1363 2568 1412 2592 12.
1431 2574 1471 2583 --
1491 2556 1614 2590 ⁴Joan.
1638 2566 1689 2596 nu
1711 2556 1761 2589 ¹5·

414 2621 455 2630 —
474 2608 485 2628 ⁵
505 2607 602 2641 Dent.
623 2619 669 2649 ιν,
688 2611 722 2644 6,
