1768 3283
14 96 18 172 1

11 305 14 338 Ι
400 276 451 306 nr,
485 274 644 305 samm-v
678 273 857 311 smero,
894 275 973 305 mn.
1013 274 1056 305 ιι.
1317 266 1401 322 379

11 340 14 370 ⁸
45 362 137 397 non
159 369 304 398 omnes
324 355 544 397 Doctores.
569 355 659 398 Non
679 370 821 397 omnes
837 389 847 404 ,
867 355 1024 412 inquit,
1049 354 1208 398 habent
1224 358 1400 413 gratiam

10 475 11 478 Ἴ
52 425 342 472 curationum,
378 442 513 482 neque
544 441 715 474 omnes,
754 426 910 482 inquit,
945 426 1098 483 linguis
1122 427 1399 482 loquuntur¹.

8 491 12 565 '⁶
50 495 98 536 In
132 495 302 552 singulis
335 497 447 536 enim
482 496 725 537 hominibus
759 496 949 537 universa
989 497 1097 538 dona
1131 496 1268 538 divina
1309 511 1399 538 esse

7 567 11 657 ¹
43 579 132 606 non
172 575 379 622 possunt:
405 582 479 622 pro
512 576 636 622 captu
675 567 966 622 unusquisque
1003 567 1044 608 id
1076 566 1248 623 accipit,
1285 566 1399 621 quod

6 679 9 686 Ι
48 643 119 675 aut
154 635 385 680 desiderat,
420 644 489 676 aut
520 645 718 677 moretur.
759 635 842 677 Sed
874 651 958 677 nou
985 635 1114 691 hujus
1143 635 1399 678 infirmitatis

0 711 9 781 ,ξ
47 703 191 744 similis
220 706 404 761 potentia
428 706 663 753 Trinitatis,
692 720 782 761 quae
812 707 1001 747 omnium
1023 705 1223 746 munifica
1252 705 1401 762 gratia-

0 774 8 850 ,ι
48 789 140 815 rum
167 786 240 816 cst.

0 828 8 898 i
109 844 189 885 CL.
244 845 434 901 Denique
463 847 601 902 posuit
634 846 855 903 Apostolos
880 847 1004 888 Deus.
1040 847 1124 888 Hos
1152 861 1256 902 quos
1285 847 1397 888 Deus

0 905 6 977 1
46 914 188 969 posuit
209 914 249 955 in
267 914 472 963 Ecclesia,
494 915 687 957 Christus
705 916 856 972 elegit,
874 924 916 957 et
934 915 1155 972 Apostolos
1173 915 1396 963 ordinavit,

0 982 5 1068 Ι
44 991 86 1024 et
112 983 152 1025 in
169 985 316 1026 orbem
341 985 492 1027 direxit
516 986 657 1027 dicens
681 1001 688 1026 ε
708 986 796 1027 «Ite
824 985 866 1026 in
889 986 1034 1027 orbem
1061 985 1301 1027 universum
1318 1017 1328 1033 ,
1357 993 1400 1027 et

48 1055 300 1110 »praedicate
331 1056 603 1113 Evangelium
632 1057 835 1098 universae
860 1064 1077 1098 creaturae.
1105 1056 1188 1106 Qui
1212 1055 1402 1097 credide·

47 1124 155 1171 urit,
185 1133 226 1166 et
258 1126 490 1182 baptizatus
519 1126 667 1174 fucrit,
702 1126 769 1167 hic
801 1127 938 1167 salvus
961 1127 1068 1167 erit:
1091 1126 1162 1182 qui
1186 1141 1285 1167 vero
1311 1140 1398 1171 non

0 1186 1 1198 ³
47 1195 327 1243 »crediderit,
364 1197 649 1237 damnabitur.
678 1195 802 1252 Signa
830 1205 968 1237 autem
994 1196 1212 1237 credentes
1235 1195 1310 1236 ista
1334 1210 1401 1235 se-

45 1273 260 1319 aquentur
287 1281 295 1306 ε
318 1267 362 1306 In
393 1266 565 1306 nomine
599 1280 692 1306 meo
719 1266 923 1307 daemonia
948 1265 1141 1321 ejicient,
1167 1263 1317 1321 linguis
1338 1264 1404 1305 lo-

0 1334 1 1365 i
45 1352 61 1371 »
78 1343 261 1389 quentur
284 1336 400 1377 novis
416 1368 426 1384 ,
451 1344 666 1393 serpentes
690 1336 859 1382 tollent3
885 1344 927 1376 et
949 1335 981 1376 si
1010 1334 1273 1376 mortiferum
1296 1333 1400 1389 quid

46 1421 62 1442 1>
76 1404 283 1453 biberint,
304 1421 388 1447 non
404 1406 462 1447 eis
480 1406 650 1447 nocebit
669 1422 676 1444 :
701 1420 827 1462 super
843 1420 975 1462 aegros
995 1420 1143 1446 manus
1162 1404 1397 1460 imponent,

47 1481 117 1514 »et
138 1474 246 1515 hene
268 1474 523 1516 habebunt2.
543 1493 557 1511 »
572 1475 682 1516 Ecce
706 1475 910 1516 Doctores
934 1474 1077 1531 posuit
1092 1474 1235 1522 Pater,
1260 1471 1400 1530 posuit

47 1543 172 1585 etiam
211 1546 404 1587 Christus
440 1546 479 1585 in
512 1545 738 1592 Ecclesiis3
775 1553 816 1586 et
838 1545 948 1586 sicut
973 1545 1097 1586 Pater
1118 1544 1188 1585 dat
1213 1543 1394 1600 gratiam

48 1614 313 1656 curationum
330 1648 339 1663 ,
379 1616 433 1657 ita
459 1616 527 1656 dat
550 1624 591 1656 ct
617 1616 747 1656 Filius
770 1631 778 1655 :
800 1615 908 1657 sicut
929 1616 1052 1656 Pater
1082 1614 1150 1656 dat
1180 1615 1289 1656 dona
1316 1614 1398 1655 lin-

47 1699 225 1741 guarum
239 1718 247 1731 ‚
270 1684 326 1726 ita
353 1686 524 1742 largitus
543 1694 605 1726 est
624 1693 664 1726 et
682 1685 826 1726 Filius.

107 1754 208 1796 CLI.
257 1755 456 1796 Similiter
492 1757 543 1796 de
590 1764 737 1796 sancto
771 1755 929 1812 Spiritu
966 1770 1091 1812 supra
1130 1754 1395 1813 accepimus.

47 1824 142 1880 quia
165 1825 310 1866 eadem
340 1826 566 1879 gratiarum
591 1841 741 1882 genera
763 1825 978 1882 largiatur.
1004 1826 1164 1866 «Datur
1181 1825 1292 1866 enim
1309 1857 1318 1872 ,
1340 1825 1398 1866 in-

46 1893 191 1949 »quit,
221 1909 293 1950 pcr
321 1895 522 1951 Spiritum
555 1895 621 1936 alii
655 1895 785 1951 gratia
818 1895 1110 1944 curationum,
1144 1893 1212 1934 alii
1242 1908 1397 1949 genera

44 1963 334 2020 »linguarum,
360 1965 427 2006 alii
460 1964 721 2020 prophetia&
742 1964 880 2021 »Ergo
905 1965 1051 2005 eadem
1086 1964 1155 2004 dat
1189 1962 1368 2020 Spiritus
1385 1994 1395 2009 ,

47 2046 139 2088 quae
161 2034 232 2074 dat
252 2034 373 2075 Pater
387 2067 397 2082 ,
417 2036 486 2075 dat
503 2035 628 2075 etiam
648 2034 794 2075 Filius.
819 2034 1088 2090 Accipia111us
1105 2047 1218 2074 nunc
1237 2047 1399 2089 expres-

45 2101 153 2148 sius,
177 2104 288 2158 quod
313 2104 503 2159 superius
523 2104 858 2159 praelibaviinus.
885 2104 978 2158 quia
1005 2103 1114 2144 idem
1142 2103 1255 2158 quod
1276 2103 1399 2144 Pater

10 2175 19 2180 “
46 2180 88 2213 et
114 2171 241 2214 Filius
259 2206 269 2220 ‚
300 2174 428 2214 etiam
455 2174 632 2230 Spiritus
660 2185 827 2215 sanctus
855 2175 1026 2214 mandet
1053 2172 1238 2214 officium
1257 2206 1267 2221 ‚
1300 2188 1393 2213 eos-

47 2242 228 2299 demque
251 2244 503 2291 constituam
528 2245 628 2285 dixit
649 2245 759 2284 enim
787 2245 939 2285 Paulus
959 2259 967 2283 τ
986 2261 1001 2281 α
1016 2243 1232 2285 Attendite
1257 2243 1389 2290 vobis,

49 2320 118 2353 »et
145 2313 257 2354 omni
281 2313 417 2370 gregi,
447 2314 488 2354 in
511 2329 594 2369 quo
619 2314 754 2370 posuit
794 2328 863 2355 vos
888 2312 1068 2370 Spiritus
1101 2321 1268 2362 sanctus
1291 2312 1401 2369 epis-

48 2398 64 2418 »
78 2395 206 2437 copos
230 2397 372 2438 regere
391 2383 620 2423 Ecclesiam
639 2382 756 2424 D014.
777 2402 791 2419 n

116 2450 236 2492 CLH.
290 2452 431 2492 Unitas
472 2451 599 2507 igitur
636 2452 798 2508 imperii
822 2485 831 2500 ‚
883 2453 1017 2492 unitas
1065 2450 1397 2497 constitutionis,

96 2559 104 2573 ¹
130 2563 140 2582 ι
160 2552 236 2583 Cor.
254 2563 315 2589 xii,
335 2553 385 2584 30.
406 2571 443 2576 —
460 2560 470 2573 ²
499 2554 685 2591 Maro.xv1‚
715 2554 912 2594 15.1·tseqv;.
930 2571 970 2576 —-
990 2553 1003 2574 ³
1026 2562 1035 2581 ι
1063 2551 1140 2581 Cor.
1167 2560 1224 2588 χιι,
1243 2562 1275 2592 9,
1295 2561 1338 2581 xo.
1361 2567 1400 2573 —-

51 2605 64 2629 ⁴
85 2607 157 2636 Act.
179 2617 229 2636 xx.
251 2607 299 2637 23.
