1806 3256
1793 0 1799 181 f

410 282 488 339 130'
945 312 977 338 s.
1017 311 1207 339 ammosa
1793 189 1798 367 i

399 390 580 447 piamus,
601 390 833 431 secundum
847 391 1094 447 mysterium
1114 391 1154 431 in
1175 389 1442 431 inferioribus
1456 389 1611 433 Christi
1629 373 1753 447 fuisse

400 461 690 502 substantiam.
724 461 889 501 Etenim
911 469 958 501 ut
981 461 1276 502 defunctorum
1306 461 1466 502 animas
1495 462 1534 502 in
1566 461 1626 503 sui
1656 476 1754 504 cor-
1801 469 1804 472 ’

401 531 514 587 poris
547 531 683 571 anima
716 530 941 577 liberaret,
981 531 1144 570 vincula
1171 530 1317 571 mertis
1352 532 1556 578 solveret,
1582 539 1756 587 peccata
1794 545 1799 598 ἱ

406 602 605 649 donaret,
622 609 817 656 operatus
840 608 901 641 est
925 600 964 640 in
989 600 1164 641 inferno.

462 670 591 712 CXII.
629 669 851 724 Et‘tamen
882 669 982 725 quid
1012 670 1150 712 obstat
1183 671 1407 726 quominus
1434 671 1546 712 illam
1571 670 1755 712 divinam

401 741 608 797 intelligas
636 755 725 781 esse
757 739 1060 787 substantiam
1086 754 1184 781 cum
1217 739 1329 782 Deus
1352 741 1408 783 ita
1430 741 1586 796 ubique
1609 740 1683 789 sit,
1707 748 1757 782 ut

402 810 439 851 ei
464 810 624 851 dictum
646 810 698 851 sit
719 824 726 850 :
755 827 769 848 «
789 810 831 851 Si
858 811 1086 851 ascendero
1103 810 1143 850 in
1164 811 1335 858 coelum,
1360 810 1502 852 tuillic
1521 825 1563 851 es
1584 824 1593 850 ε
1614 809 1647 851 si
1666 810 1757 852 des·
1794 809 1806 883 {e

403 882 613 922 »cendero
638 881 688 921 ad
713 879 924 921 infernum
941 912 951 928 ,
983 880 1102 921 ades¹
1122 880 1139 920 Ρ
1157 899 1171 918 »
1794 874 1806 945 f}

460 951 612 993 CXIII.
650 951 840 1006 Denique
873 951 924 991 ad
949 950 1226 992 substantiam
1265 951 1447 992 divinam
1474 950 1750 993 derivandum
1794 939 1806 1008 j}

402 1038 492 1064 esse
521 1022 782 1062 intellectum
815 1021 1089 1077 sequentibus
1111 1022 1338 1063 declaravit
1362 1023 1506 1063 dicens
1528 1036 1538 1063 ε
1565 1039 1580 1059 «
1602 1022 1758 1077 Inope-
1794 1009 1806 1057 'l

1801 1058 1806 1137 Ι

404 1165 565 1206 factura
590 1162 641 1203 sit
661 1162 807 1209 Filius,
827 1163 899 1203 sed
920 1161 1100 1203 Verbum
1123 1162 1308 1218 genitum
1329 1163 1545 1218 potestatis
1563 1170 1754 1203 aeternae:
1802 1143 1806 1188 i

409 1240 662 1287 ἀκατέργαστον
683 1232 794 1273 enim
822 1232 938 1279 dixit,
965 1231 1046 1272 hoe
1068 1239 1145 1278 est,
1167 1232 1429 1288 inoperatum
1452 1240 1577 1287 atque
1594 1230 1759 1272 increa-
1794 1196 1806 1285 l}

406 1314 495 1346 tum
519 1303 705 1346 Verbum
727 1303 814 1344 sine
847 1302 1024 1358 alicujus
1055 1310 1259 1344 creaturae
1293 1302 1535 1342 testimonio
1561 1317 1612 1354 ex
1638 1301 1760 1343 Patre
1801 1294 1806 1343 ἐ

403 1383 548 1415 natum
573 1389 581 1414 :
607 1382 648 1414 et
670 1382 810 1414 tamen
833 1372 1096 1413 abundamus
1116 1371 1204 1412 aliis
1222 1370 1466 1412 substantiae
1489 1362 1754 1418 testimoniis,

406 1443 468 1484 Sit
486 1442 561 1484 ista
581 1443 772 1484 hocloco
787 1441 1018 1483 substantia
1038 1441 1283 1497 corporalis,
1305 1432 1536 1481 dummodo
1554 1454 1638 1480 non
1655 1429 1760 1496 opus

402 1512 481 1554 Dei
503 1512 680 1561 Filium,
707 1513 780 1553 sed
804 1512 1065 1568 inoperatam
1098 1509 1189 1567 ejus
1214 1510 1484 1552 Divinitatem
1515 1517 1557 1551 et
1585 1509 1672 1566 ipse
1697 1508 1760 1550 sa-

409 1582 545 1626 tearis.

466 1653 615 1696 CXIV.
653 1653 748 1695 Scio
768 1661 906 1694 autem
923 1653 1082 1708 aliquos
1098 1652 1238 1694 dicere
1255 1652 1518 1708 inoperatum
1533 1665 1622 1692 esse
1634 1649 1760 1710 etiam

1800 692 1806 719 1

405 1101 571 1134 »ratum
602 1106 744 1132 meum
778 1091 975 1132 viderunt
1001 1091 1112 1132 oculi
1138 1090 1248 1137 tui²;
1275 1110 1288 1129 η
1307 1106 1356 1132 eo
1381 1092 1492 1147 quod
1513 1105 1598 1132 non
1620 1091 1756 1147 operis

407 1725 706 1767 incarnationis
734 1723 979 1780 mysterium
997 1756 1007 1770 ,
1028 1724 1142 1779 quod
1162 1738 1245 1764 non
1268 1724 1320 1764 sit
1336 1723 1464 1764 viriIIs
1482 1721 1644 1779 copulae
1661 1735 1760 1761 usus

406 1804 627 1851 operatus;
656 1794 751 1850 quia
776 1802 917 1850 partus
939 1802 1001 1834 est
1025 1792 1215 1849 Virginis.
1253 1792 1294 1833 Si
1324 1808 1423 1850 ergo
1457 1783 1649 1850 plerique
1677 1791 1760 1833 hoc

408 1866 502 1907 loco
533 1880 610 1907 nec
640 1865 776 1906 Maria:
810 1873 953 1921 partus
981 1879 1084 1920 opus
1115 1879 1203 1904 esse
1238 1863 1458 1911 dixerunt,
1487 1870 1532 1903 tu
1561 1861 1758 1910 ArrIane,

411 1950 515 1991 opus
540 1943 661 1991 putas
685 1950 773 1975 esse
799 1934 876 1975 Dei
896 1932 1111 1975 Verbum?

471 2005 596 2046 CXV.
633 2004 717 2046 Aut
739 2004 807 2046 hic
833 2013 993 2045 tantum
1018 2002 1295 2044 substantiam
1318 2001 1526 2059 legimus?
1550 2001 1698 2045 Nonne
1720 2008 1762 2041 et

414 2075 512 2117 alibi
536 2076 636 2117 (lixit
657 2091 665 2116 z
693 2094 707 2113 «
727 2076 860 2117 Poriae
884 2074 1098 2116 civitatum
1122 2073 1303 2114 effractae
1322 2081 1441 2121 sunt,
1468 2064 1631 2113 montes
1650 2066 1762 2127 ceci-

415 2164 431 2182 »
448 2146 617 2193 der-unt,
634 2155 675 2186 et
688 2146 864 2186 revelata
887 2152 947 2184 est
961 2143 1189 2184 substantia
1204 2142 1215 2163 ³
1232 2143 1271 2183 P»
1288 2141 1502 2198 Numquid
1515 2141 1582 2182 hic
1596 2130 1764 2197 quoque

414 2224 607 2258 creatura
630 2214 841 2272 signatur?
860 2213 1009 2255 Solunt
1032 2213 1142 2254 enim
1172 2212 1295 2268 aliqui
1320 2212 1460 2253 dicere
1477 2200 1764 2267 pecuniariam

417 2301 506 2328 esse
537 2283 825 2326 substantiam.
865 2284 950 2340 Ego
984 2282 1014 2323 si
1044 2283 1094 2323 ad
1131 2282 1242 2323 huuc
1275 2296 1441 2322 sensum
1480 2280 1635 2326 refers,
1671 2278 1764 2319 ideo

414 2357 664 2398 occiderunt
693 2363 879 2402 montes,
905 2361 950 2394 ut
973 2351 1262 2411 pecuniarium
1291 2349 1594 2407 patrimonium
1615 2361 1764 2389 cerue-

415 2436 544 2470 retur.

476 2499 622 2542 CXVI.
662 2497 745 2538 Sed
771 2493 1089 2537 meminerimus
1118 2491 1189 2548 qui
1224 2499 1388 2532 montes
1412 2489 1683 2534 ceciderunt,
1709 2480 1767 2539 illi

415 2570 561 2627 utique
582 2570 633 2610 de
655 2566 808 2624 quibus
835 2564 996 2606 dictum
1021 2569 1083 2605 est
1104 2577 1112 2603 :
1140 2562 1215 2604 «Si
1239 2559 1471 2603 habueritis
1503 2549 1630 2601 ’fidem
1659 2550 1768 2599 Sicut

463 2672 470 2686 ¹
493 2662 573 2694 Psal.
593 2670 747 2693 cxxxviii.
764 2658 795 2691 8.
814 2675 854 2681 —
874 2667 885 2681 ¹
905 2655 989 2687 lbid.
1012 2656 1060 2687 16.
1079 2673 1118 2679 -
1134 2655 1148 2678 ³
1164 2653 1302 2688 Nahum.
1322 2663 1356 2689 ιι,
1379 2653 1410 2685 6.

1787 3061 1794 3183 μὸᾼψ,
1788 2766 1794 3049 ,,-....---,-..-,...-Ύ
1789 2740 1795 2769 ,ὃ
