1768 3283
344 290 429 342 466
905 304 935 330 s.
978 304 1166 332 AMBnosu

341 382 444 426 Nam
462 396 554 439 quae
577 390 666 424 erat
694 395 818 423 causa
842 380 1165 430 incarnationis,
1191 381 1269 423 nisi
1292 390 1338 424 ut
1364 397 1462 424 caro
1483 397 1576 440 quae
1593 399 1696 441 pec—

345 461 536 502 caverat,
564 466 638 509 per
671 466 714 493 se
740 449 1050 493 redimeretur?
1090 451 1215 502 Quod
1254 459 1503 508 peccaverat
1542 454 1694 510 igitur,

342 523 700 580 hoeredemptum
715 530 788 563 est.
808 520 898 562 Non
911 530 1083 578 estergo
1099 521 1311 562 immolata
1323 521 1523 564 Divinitas
1543 522 1697 569 Verbi,

348 593 443 649 quia
479 606 563 634 non
598 600 847 648 peccaverat
881 591 1083 633 Divinitas
1117 590 1244 633 Verbi
1279 606 1288 631 :
1321 600 1362 633 et
1394 592 1489 634 ideo
1523 607 1607 634 non
1639 601 1701 633 est

347 663 474 706 Verbi
506 670 655 703 natura
686 661 726 702 in
751 661 888 702 carnis
913 676 1112 703 conversa
1139 669 1356 708 naturam;
1384 662 1481 717 quia
1502 661 1700 703 immunis

347 732 510 791 peccati
532 731 735 774 Divinitas
760 746 836 789 pro
857 741 1053 788 peccato,
1080 732 1194 788 quod
1219 746 1301 772 non
1324 732 1508 782 fecerat,
1543 747 1586 774 se
1614 747 1699 773 non

348 803 529 845 debebat
561 801 725 844 offerre.
764 802 853 843 Hoc
878 802 989 843 enim
1019 803 1059 843 in
1089 817 1130 843 se
1152 801 1306 842 obtulit
1338 801 1552 850 Christus,
1589 801 1703 858 quod

348 874 514 915 induit:
536 882 578 915 et
600 872 757 920 induit,
782 872 895 929 quod
919 881 1015 913 ante
1037 887 1120 913 non
1141 872 1299 913 hahuit.
1324 872 1415 914 Non
1435 873 1563 930 igitur
1585 872 1703 914 Divi-

350 943 491 985 nitatis
516 957 598 984 suae
616 942 885 984 Divinitatem
910 942 1046 983 induit
1059 974 1069 989 .
1089 942 1129 983 in
1148 957 1231 998 quo
1250 949 1339 983 erat
1354 944 1572 999 plenitudo
1590 941 1702 984 Divi-

349 1012 489 1053 nitatis
505 1021 670 1053 aeternae
691 1025 700 1051 τ
723 1012 794 1051 sed
819 1025 991 1052 carnem
1020 1011 1270 1067 assumpsit,
1297 1020 1344 1052 ut
1365 1012 1545 1068 spolium
1568 1011 1704 1053 carnis

347 1089 541 1129 exueret,
575 1089 698 1136 atque
720 1081 762 1121 in
784 1081 1008 1137 semetipso
1031 1090 1072 1124 et
1102 1080 1321 1123 manubias
1343 1082 1498 1123 diaboli
1526 1081 1697 1122 crucifi·

348 1159 485 1208 geret,
512 1159 553 1192 et
576 1151 760 1207 trophaea
783 1151 946 1192 virtutis
965 1151 1158 1208 erigeret.

407 1219 534 1264 LVII.
565 1221 674 1278 Ergo
693 1221 726 1262 si
748 1236 846 1262 caro
871 1222 1060 1262 omnium
1083 1230 1125 1264 et
1149 1223 1190 1265 in
1221 1223 1388 1266 Christo
1407 1220 1622 1279 subjacuit
1643 1221 1705 1262 in·

347 1290 493 1347 juriae,
528 1291 740 1347 quomodo
773 1292 895 1332 unius
919 1292 1032 1333 illam
1067 1307 1166 1334 cum
1192 1293 1418 1336 Divinitate
1447 1291 1583 1334 dicitis
1615 1306 1704 1333 esse

350 1360 619 1403 substantiae?
637 1359 679 1402 Si
696 1361 808 1402 enim
828 1361 950 1402 unius
970 1370 1032 1403 est
1052 1363 1296 1404 substantiae
1316 1362 1498 1404 Verbum
1522 1369 1564 1402 et
1585 1375 1701 1409 caro,

349 1447 441 1489 quae
461 1432 512 1473 de
529 1439 639 1473 terra
660 1431 786 1473 habet
810 1440 1029 1480 naturam3
1052 1448 1128 1475 cur
1148 1433 1271 1475 unius
1289 1431 1535 1475 substantiae
1557 1445 1708 1473 assera-

349 1512 418 1545 tur
440 1501 626 1545 Verbum
648 1509 772 1558 atque
795 1502 932 1543 anima
954 1535 963 1550 ,
989 1517 1112 1558 quam
1133 1502 1364 1560 perfectam
1384 1511 1547 1544 naturae
1569 1515 1707 1543 susce-

349 1573 410 1630 pit
438 1570 667 1613 humanae?
699 1571 827 1613 Unius
859 1582 999 1614 autem
1021 1574 1266 1615 substantiae
1294 1581 1356 1614 est
1394 1572 1581 1615 Verbum
1607 1585 1706 1613 eun]

350 1644 438 1687 Deo
457 1643 690 1684 secundum
712 1650 931 1699 paternam
955 1643 1279 1700 professionem,
1305 1658 1347 1685 et
1364 1643 1504 1700 *ipsius
1538 1643 1708 1685 Domini

353 1713 649 1759 assertionem,
688 1726 759 1768 qui
794 1713 849 1753 ait
884 1727 933 1753 :a
954 1713 1040 1770 Ego
1074 1723 1115 1755 et
1152 1714 1274 1756 Pater
1302 1727 1435 1754 unum
1474 1712 1659 1754 sumus¹.
1681 1731 1696 1752 n

353 1786 483 1829 Unius
504 1799 602 1841 ergo
626 1783 867 1824 substantiae
888 1783 1010 1824 Pater
1034 1798 1131 1825 cum
1161 1792 1329 1825 terreno
1351 1798 1528 1840 corpore
1555 1783 1708 1841 praedi-

354 1864 487 1899 catur.
524 1854 577 1895 Et
606 1854 745 1894 adhue
772 1853 1048 1909 indignamini
1074 1854 1116 1895 in
1142 1854 1350 1902 Arrianis,
1377 1854 1471 1910 quia
1492 1854 1536 1895 hi
1562 1854 1710 1897 dicunt

355 1925 508 1969 Filium
530 1923 606 1965 Dei
629 1931 865 1964 creaturam
883 1938 998 1972 esse3
1018 1938 1115 1966 cum
1135 1925 1211 1981 ipsi
1233 1925 1379 1966 dicatis
1396 1924 1562 1967 Patrem
1585 1925 1708 1967 unius

360 2011 459 2040 cum
482 1994 684 2039 creaturis
707 2008 798 2035 esse
811 1994 1084 2036 substantiae?

419 2066 566 2111 LVlll.
596 2064 859 2116 Quidautem
881 2065 992 2106 aliud
1015 2065 1133 2122 agitis
1158 2065 1233 2106 ista
1254 2065 1434 2107 dicendo
1449 2098 1460 2115 ,
1481 2066 1560 2108 nisi
1579 2074 1624 2107 ut
1641 2074 1710 2108 aut

358 2139 505 2181 limum
532 2136 657 2184 Adae,
684 2144 923 2190 terramque
949 2145 1135 2177 nostram
1159 2135 1306 2176 divinae
1325 2135 1568 2178 subs-tantiae
1590 2152 1708 2180 com-

359 2209 514 2268 paretis
533 2224 541 2250 :
563 2216 635 2249 aut
649 2215 764 2248 certe
782 2206 1051 2247 Divinitatem
1075 2207 1115 2247 in
1133 2216 1309 2248 terrenae
1327 2208 1577 2263 corruptelae
1604 2208 1709 2266 inju-

361 2286 465 2327 riam
504 2278 772 2323 transferatis.
815 2278 1003 2318 Dicendo
1035 2280 1147 2320 enim
1182 2280 1294 2335 quod
1333 2279 1516 2322 Verbum
1546 2294 1643 2321 caro
1669 2289 1710 2322 et

361 2371 451 2398 ossa
476 2355 635 2396 factum
657 2360 739 2400 est,
762 2350 802 2389 in
821 2357 975 2391 terram
1000 2352 1143 2405 utique
1167 2351 1302 2392 dicitis
1326 2365 1415 2392 esse
1431 2365 1706 2400 conversum3

361 2427 561 2485 quoniam
585 2439 684 2467 caro
710 2433 754 2465 et
772 2438 861 2464 ossa
882 2422 932 2462 de
956 2422 1075 2462 terris
1094 2430 1201 2463 sunt.

422 2497 531 2539 LIX.
571 2495 639 2537 Sic
669 2496 874 2551 scriptum
901 2501 987 2541 est,
1014 2493 1232 2549 inquiunt,
1257 2493 1383 2549 quia«
1404 2494 1589 2536 Verbum
1613 2507 1709 2536 caro

362 2569 551 2611 »sactum
581 2566 682 2610 est².
700 2586 715 2606 »
741 2569 954 2624 Scriptum
987 2574 1071 2616 est,
1105 2580 1189 2606 non
1219 2580 1323 2622 nego
1351 2581 1361 2605 z
1392 2566 1464 2607 sed
1493 2565 1710 2608 considera

408 2669 417 2683 ¹
439 2659 533 2690 Joan.
559 2669 591 2696 x,
611 2658 663 2689 50.
679 2677 717 2682 —
736 2659 927 2696 -1d.1.1!4.
