1806 3256
553 316 604 343 »Β
638 316 747 349 Fine,
782 317 862 343 Lm.
900 318 926 344 1.
1362 306 1416 347 23

67 490 1368 509 mmmmmMMQVWWVVWWUMMMMMMMWUVWVWMWQMMWS
1372 493 1416 508 Μ

609 638 785 681 CAPUT
816 639 873 682 X.

65 785 143 829 Ubi
169 785 337 827 Christi
357 786 647 827 aeternt'tatem
670 786 950 843 confirmavit
982 803 1038 829 ex
1068 787 1272 844 Apostolo
1290 821 1305 837 ,
1345 790 1410 831 di-

117 857 273 898 vinam
293 858 620 913 generationem
641 872 731 898 ‘non
761 859 822 898 ad
842 858 1048 900 humanae
1072 860 1303 901 modulum
1321 862 1408 902 eaet'-

114 927 322 985 gendctm,
337 938 412 969 aut
429 928 640 968 curiosius
659 928 989 976 ementiendam&
1009 938 1053 969 at
1067 928 1299 971 declinatis
1314 946 1407 984 quoe

115 997 219 1040 hino
239 1008 497 1043 nascuntur,
524 997 870 1055 difficultatibus,
909 998 1127 1053 quidquid
1152 1013 1273 1040 more
1308 1014 1406 1043 cor-

111 1082 243 1125 poreo
265 1067 317 1108 de
338 1066 420 1108 hac
438 1069 718 1125 generatione
748 1068 930 1117 dieitur,
964 1069 1162 1125 spiritali
1183 1084 1308 1112 sensu
1335 1072 1406 1111 in-

114 1138 398 1196 telligendam
415 1153 498 1180 esse
519 1138 727 1180 declarat.

110 1300 240 1343 LXII.
278 1300 435 1343 Accn‘ss
464 1302 576 1343 aliud
604 1316 686 1357 quo
714 1302 870 1343 clareat
892 1301 1046 1343 Filium
1074 1301 1395 1359 sempiternum.

50 1370 276 1427 Apostolus
303 1371 404 1412 dicit
425 1372 539 1426 quod
559 1371 633 1412 Dei
657 1371 909 1427 sempiterna
934 1370 1062 1412 virtus
1079 1371 1132 1412 sit
1149 1379 1274 1427 atque
1291 1369 1402 1412 Divi-

51 1441 184 1483 nitas¹
210 1456 220 1483 τ
252 1442 380 1483 virtus
408 1451 546 1482 autem
578 1442 653 1482 Dei
693 1441 910 1490 Christus3
941 1442 1144 1498 scriptum
1179 1449 1243 1483 est
1286 1441 1398 1482 enim

51 1512 262 1554 Christum
280 1526 369 1555 esse
389 1512 464 1553 Dei
491 1512 714 1561 virtutem,
739 1521 781 1553 et
803 1512 878 1554 Dei
908 1512 1154 1568 sapientiam
1166 1510 1199 1553 ²,
1231 1511 1342 1568 Ergo
1366 1511 1398 1552 si

51 1584 239 1625 Christus
264 1592 326 1625 est
348 1583 422 1624 Dei
440 1583 588 1630 virtus,
611 1583 707 1640 quia
730 1583 859 1623 virtus
878 1582 955 1625 Dei
977 1581 1229 1639 sempiterna
1252 1597 1261 1623 z
1288 1597 1398 1624 sem-

49 1653 236 1710 piternus
251 1653 377 1709 igitur
397 1662 440 1694 et
457 1652 659 1694 Christus.

106 1722 256 1764 Lxlll.
293 1722 384 1765 Non
406 1737 505 1779 ergo
528 1737 578 1763 ex
601 1737 677 1763 usu
703 1723 982 1779 generationis
1011 1723 1205 1764 humanae
1238 1724 1397 1764 calum·

46 1792 182 1840 niam,
208 1791 424 1839 baeretice,
455 1801 614 1840 struas;
647 1807 782 1848 neque
815 1809 865 1834 ex
898 1801 1042 1834 nostro
1066 1808 1259 1835 sermone
1283 1808 1393 1834 coin·

47 1875 190 1917 ponas.
215 1861 358 1917 Neque
377 1861 488 1902 enim
509 1870 681 1918 anguste
708 1862 974 1903 sermonibus
1000 1863 1151 1903 nostris
1181 1862 1395 1903 immensa}

46 1931 376 1988 magnitudinem
390 1946 610 1987 possumus
628 1931 862 1972 Divinitatis
882 1932 1114 1979 includere,
1130 1931 1251 1988 cujus
1275 1947 1393 1988 mag-

47 2000 247 2042 nitudinis
273 2015 355 2042 non
380 2009 441 2042 est
462 1999 593 2042 finis³.
616 2000 804 2057 Namque
824 2001 1002 2042 hominis
1020 1992 1334 2057 generationem
1359 2001 1398 2053 si

48 2070 222 2114 definire
251 2073 480 2112 contendas
496 2105 504 2118 ‚
543 2080 708 2127 tempus
748 2072 932 2113 ostendis
953 2087 962 2113 :
998 2072 1213 2128 generatio
1251 2082 1391 2113 autem

46 2141 182 2183 divina
206 2156 328 2198 supra
351 2141 490 2182 onmia
511 2150 601 2183 est:
627 2143 709 2183 late
735 2150 871 2198 patet,
897 2157 1020 2198 supra
1055 2155 1200 2182 omnes
1233 2141 1393 2198 cogita-

46 2212 179 2252 tiones
196 2211 382 2252 ascendit
398 2218 438 2252 et
461 2226 617 2252 sensus.
647 2211 859 2267 Scriptum
883 2221 945 2252 est
966 2211 1077 2252 enim
1100 2226 1108 2252 :
1135 2230 1150 2246 u
1170 2209 1301 2253 Nemo
1322 2226 1393 2251 ve-

46 2281 134 2321 nni't
156 2282 206 2321 ad
228 2280 392 2322 Patrem
409 2313 418 2327 ,
443 2280 519 2321 nisi
539 2296 613 2336 per
638 2280 741 2323 me⁴.
768 2299 784 2319 ι
807 2281 1025 2337 Quidquid
1053 2281 1178 2337 igitur
1202 2282 1253 2321 de
1271 2281 1393 2322 Patre

45 2352 313 2409 cogitaveris,
338 2351 567 2408 quamlibet
589 2350 679 2407 ejus
696 2352 971 2393 aeternitatem
988 2384 997 2399 ,
1026 2367 1108 2393 non
1132 2359 1250 2408 potes
1270 2353 1320 2392 de
1343 2366 1392 2393 co

47 2419 201 2477 aliquid
225 2417 302 2462 nisi
325 2436 398 2477 per
416 2420 569 2462 Filium
593 2421 770 2462 transire
803 2436 961 2462 sensus.
986 2439 1000 2458 «
1018 2420 1095 2462 liic
1118 2429 1206 2468 est,
1231 2419 1391 2474 inquit,

45 2492 201 2533 »Filius
235 2505 352 2532 meus
375 2490 707 2533 dilectissimus⁶.
735 2490 832 2539 Est,
853 2509 868 2529 n
894 2491 1051 2547 inquit,
1082 2490 1152 2546 qui
1176 2491 1290 2545 quot}
1311 2497 1389 2535 esi,

92 2604 98 2616 ¹
123 2597 214 2625 nom.
233 2606 252 2626 1.
272 2605 320 2625 ν».
340 2612 378 2617 -
400 2605 410 2618 ⁸
436 2606 446 2625 ι
467 2595 545 2626 Cor.
561 2606 583 2630 ι,
600 2593 698 2632 34.-
714 2595 728 2617 ³
743 2594 823 2626 Psal.
843 2604 947 2629 οκιιν,
966 2593 996 2625 5.
1014 2611 1053 2616 -
1075 2596 1086 2618 ⁴
1101 2594 1198 2625 Jonn.
1218 2603 1281 2631 xiv,
1301 2592 1332 2624 6.
1355 2610 1392 2616 -

45 2650 57 2670 ⁸
74 2648 192 2681 Matth.
211 2658 288 2687 xvn,
308 2649 336 2680 5,
