1806 3256
375 331 430 358 20
920 328 947 353 S.
993 326 1180 353 sunnostl

375 406 553 449 dicimus
576 420 665 447 esse
686 404 952 452 dissimilem;
977 404 1231 460 sempiterno
1249 401 1360 442 enim
1382 397 1613 454 temporale
1637 394 1723 437 dis·

374 477 510 518 simile
547 484 622 516 est.
671 474 834 514 Clamat
871 473 1079 529 Propheta
1126 471 1428 528 sempiternum
1452 500 1462 515 ,
1501 467 1654 508 clamat
1684 472 1726 505 et

373 546 598 602 Apostolus
621 543 922 600 sempiternum
950 558 958 583 :
987 544 1156 599 plenum
1176 549 1236 582 est
1258 539 1388 582 Vetus
1409 538 1725 579 Testamentum

373 614 622 657 testimoniis
643 613 737 654 Filii
762 612 1029 668 sempiterni,
1057 612 1228 668 plenum
1251 617 1314 650 est
1336 608 1512 650 Novum.

435 683 517 725 LV.
560 683 765 724 Ordinem
792 697 891 738 ergo
920 690 1150 722 teneamus.
1190 678 1402 735 Scriptum
1428 685 1490 718 est
1522 676 1562 717 in
1586 673 1727 717 Veteri

376 753 647 795 Testamento
664 784 673 800 ‚
699 760 746 792 ut
769 753 832 792 vel
856 765 985 791 unum
1015 751 1066 791 de
1097 748 1286 806 pluribus
1315 747 1452 788 dicam
1471 762 1480 785 z
1499 745 1636 787 «Ante
1659 757 1727 783 me

377 841 392 861 n
408 837 490 864 non
525 822 603 863 suit
627 821 729 862 alius
753 821 864 862 Deus
887 853 896 867 ,
923 829 964 860 et
987 828 1078 876 post
1107 834 1174 860 me
1204 833 1285 859 non
1315 816 1435 858 erit¹.
1454 834 1468 854 1>
1493 813 1605 856 Nihil
1628 826 1726 868 ergo

377 891 718 947 argumentabor,
740 899 778 932 te
801 891 936 946 ipsum
952 890 1178 945 interrogo.
1210 888 1314 938 Quis
1331 887 1413 927 hoe
1435 885 1560 932 dicit,
1587 883 1727 928 Pater.

378 978 428 1003 an
461 961 622 1003 Filius?
655 962 804 1002 Utrum
840 959 1014 1007 dixeris,
1042 975 1091 1001 eo
1116 968 1154 1001 te
1187 958 1380 1000 convinci
1409 955 1612 1010 intelliges
1635 953 1731 994 :vel

376 1032 409 1073 si
433 1033 603 1079 credas,
629 1029 803 1072 doceri?
829 1030 932 1080 Quis
959 1044 1056 1084 ergo
1075 1029 1155 1071 hoe
1180 1029 1304 1076 dicit,
1328 1027 1474 1075 Pater,
1500 1041 1550 1066 an
1572 1021 1730 1066 Filius?

373 1101 416 1142 Si
438 1101 566 1142 Filius
589 1100 750 1141 :uAnte
774 1114 857 1145 me,
882 1099 1034 1154 inquit,
1065 1113 1149 1139 uon
1180 1098 1255 1139 suit
1281 1097 1382 1138 alius
1407 1097 1520 1137 Deus
1541 1095 1628 1136 :nsi
1648 1095 1732 1135 Pa-

379 1181 442 1213 ter
467 1186 508 1212 z«
526 1171 622 1212 Post
647 1185 714 1211 me
731 1203 741 1218 ,
769 1170 904 1225 iuquit
921 1201 930 1217 ,
962 1184 1046 1210 non
1071 1168 1161 1210 erit.
1180 1186 1194 1206 n
1214 1168 1290 1209 Hic
1318 1167 1501 1224 priorem
1536 1167 1619 1213 ,ille
1643 1179 1733 1220 pos-

377 1241 576 1282 teriorem
607 1255 692 1281 non
727 1239 853 1281 habet
880 1254 888 1279 :
920 1238 1099 1279 invicem
1128 1237 1169 1279 in
1191 1253 1234 1279 se
1258 1246 1299 1279 et
1323 1238 1445 1278 Pater
1468 1236 1509 1278 in
1535 1235 1666 1284 Filio,
1692 1244 1735 1277 et

376 1312 507 1353 Filius
535 1311 576 1352 in
600 1311 721 1352 Patre
754 1310 1035 1367 cognoscitur.
1073 1309 1180 1350 Cum
1215 1308 1326 1350 enim
1354 1307 1519 1350 Patrem
1553 1307 1730 1356 dixeris,

379 1381 469 1436 ejus
487 1381 612 1422 etiam
641 1380 796 1421 Filium
823 1379 1072 1435 designasti;
1097 1379 1192 1434 quia
1228 1392 1352 1419 nemo
1385 1378 1474 1434 ipse
1504 1376 1582 1418 sibi
1614 1384 1734 1433 pater

381 1460 443 1493 est
464 1466 473 1491 ε
494 1466 591 1492 cum
608 1450 763 1492 Filium
783 1450 991 1497 nominas,
1011 1449 1135 1491 etiam
1155 1449 1319 1490 Patrem
1338 1448 1428 1504 ejus
1449 1448 1613 1496 fateri53
1636 1447 1731 1503 quia

381 1536 508 1562 nemo
533 1520 618 1577 ipse
642 1520 719 1561 sibi
737 1519 847 1561 filius
867 1529 942 1561 est.
970 1520 1115 1576 Itaque
1135 1534 1212 1560 nec
1230 1518 1360 1561 Filius
1379 1519 1467 1560 sine
1490 1518 1636 1565 Patre,
1657 1532 1735 1559 nec

380 1591 504 1631 Pater
525 1599 667 1647 potest
687 1605 776 1632 esse
799 1590 887 1632 sine
912 1589 1031 1632 Filio.
1065 1588 1240 1646 Semper
1262 1588 1388 1646 igitur
1408 1588 1545 1637 Pater,
1571 1601 1736 1644 semper

383 1669 424 1702 et
446 1660 589 1702 Filius.

443 1729 543 1772 LVI.
586 1747 600 1767 α
613 1730 661 1770 In
685 1729 892 1786 principio
909 1729 1020 1770 enim
1038 1734 1128 1770 erat
1149 1728 1333 1770 Verbum
1349 1760 1360 1779 ‚
1388 1737 1429 1770 et
1447 1727 1630 1771 Verbum
1648 1737 1738 1769 erat

386 1818 401 1839 n
419 1799 531 1856 apud
560 1799 720 1847 Deum,
752 1807 794 1840 et
816 1799 928 1840 Deus
952 1808 1040 1840 erat
1062 1798 1246 1841 Verbum
1264 1832 1273 1847 ,
1298 1799 1378 1840 hoc
1402 1807 1491 1840 erat
1519 1797 1560 1839 in
1586 1798 1737 1855 princi-

387 1889 400 1905 ·
417 1869 484 1925 pio
507 1870 620 1926 apud
642 1868 816 1912 Deum2.
840 1870 962 1918 Erat,
984 1869 1141 1925 inquit,
1168 1871 1278 1926 apud
1299 1870 1447 1911 Deum.
1479 1869 1603 1917 Erat,
1630 1877 1737 1914 erat,

389 1947 530 1987 »vi-at,
556 1947 644 1980 erat
665 1954 672 1979 :
693 1958 707 1977 ι)
732 1954 832 1980 eece
867 1948 1014 1995 quater
1040 1948 1142 1981 erat.
1173 1939 1249 1981 tbi
1274 1939 1424 1996 impius
1447 1939 1604 1980 invenit
1625 1940 1739 1995 quod

389 2023 475 2049 non
512 2007 630 2049 erat?
662 2009 772 2050 Alibi
801 2024 968 2065 quoque
999 2008 1182 2051 Joannes
1213 2010 1254 2050 in
1282 2010 1466 2066 Epistola
1494 2024 1565 2050 sua
1595 2008 1696 2050 dicit
1727 2023 1736 2049 ε

400 2079 552 2129 «Quod
581 2087 669 2120 erat
697 2079 737 2119 iu
767 2078 1015 2136 principi033
1032 2099 1044 2117 »
1072 2080 1289 2121 indefinite
1313 2079 1522 2128 tenditur,
1546 2086 1664 2121 «erat
1686 2095 1694 2120 :
1715 2097 1729 2117 »

391 2149 594 2204 quidquid
612 2149 934 2205 excogitaveris,
959 2157 1047 2190 erat
1070 2149 1212 2191 Filius.

450 2217 575 2261 LVII.
620 2218 777 2260 Omnes
802 2227 939 2260 autem
957 2219 1135 2260 haereses
1158 2220 1242 2262 hoc
1267 2220 1450 2277 capitulo
1473 2220 1588 2262 brevi
1612 2220 1741 2278 pisca-

392 2297 458 2329 tor
476 2295 616 2328 noster
643 2288 830 2329 exclusit.
858 2288 983 2339 Quod
1007 2288 1118 2330 enim
1141 2298 1226 2331 erat
1254 2290 1292 2330 in
1313 2290 1546 2348 principio,
1575 2306 1656 2332 non
1683 2291 1742 2332 in-

395 2357 584 2399 cluditur
601 2366 807 2414 tempore,
832 2373 914 2399 non
936 2358 1143 2416 principio
1165 2360 1430 2416 praevenitur.
1459 2360 1567 2417 Ergo
1595 2360 1741 2403 Arrius

395 2426 662 2468 conticescat.
708 2427 833 2478 Quod
877 2436 1017 2469 autem
1055 2438 1143 2470 erat
1177 2430 1287 2486 apud
1322 2430 1456 2471 Deum
1474 2463 1484 2479 ,
1528 2445 1613 2472 non
1651 2446 1743 2488 per·

392 2496 594 2538 mixtione
617 2497 890 2539 confunditur
923 2513 931 2539 :
958 2501 1029 2540 sed
1056 2501 1260 2541 manentis
1286 2499 1410 2542 Verbi
1442 2501 1553 2556 apud
1574 2500 1741 2543 Patrem

394 2566 526 2608 solida
548 2567 806 2623 perfectione
834 2567 1123 2625 distinguitur,
1154 2578 1200 2611 ut
1225 2570 1430 2612 Sabellius
1454 2570 1735 2613 obmutescat.

436 2658 712 2695 ¹Isai'.xt.111,1o.
727 2677 767 2684 --
786 2669 797 2684 ¹
817 2660 956 2700 Joan.1‚
977 2671 1004 2694 ι.
1025 2679 1062 2685 -
1082 2662 1095 2685 ³
1113 2672 1121 2691 ι
1143 2661 1278 2699 Joan.1,
1300 2672 1327 2694 1.
