1768 3283
363 314 443 368 314
906 334 922 360 s
979 335 1167 361 ‚mznssosn

363 408 492 457 saria,
522 417 569 451 ut
603 425 727 452 nemo
758 411 1088 466 disputationum
1124 411 1318 454 turbetur
1347 413 1539 462 incertis,
1573 428 1710 471 neque
1765 412 1768 435 ¹

364 482 603 538 passionum
635 483 916 538 corporalium
951 491 1196 539 tempestate
1241 484 1484 540 quatiatur:
1519 482 1592 527 sed
1617 485 1713 527 sim·
1766 479 1768 496 ¹

365 548 551 606 plicitate
580 550 704 599 fidei,
735 560 777 593 et
804 553 1103 608 tranquillitate
1135 554 1286 596 mentis
1315 553 1479 611 quietus
1501 555 1612 597 circa
1634 552 1713 598 Dei

368 620 527 660 cultum
553 631 786 675 perseveret
811 617 998 664 affectus.

429 687 601 731 CXXII.
639 690 699 731 De
729 706 829 747 pace
863 691 1161 748 probavimus:
1197 693 1248 734 de
1282 693 1411 750 gratia
1447 700 1586 736 autem
1622 709 1717 752 pro-

367 757 491 813 pheta
530 757 755 801 Zacharias
788 761 912 809 dicit,
939 762 1033 818 quia
1063 761 1254 819 promisit
1284 762 1394 806 Deus
1425 762 1643 806 effundere
1675 760 1717 806 in

367 827 598 870 Jerusalem
623 829 822 886 Spiritum
842 832 982 887 gratize
1004 842 1045 874 et
1068 831 1419 883 misericordiae¹;
1443 843 1485 877 et
1508 836 1720 893 apostolus

369 897 516 939 Petrus
535 899 666 940 dicit:
697 923 708 935 κ
726 901 1018 943 Paenitentiam
1040 903 1145 959 agite
1160 936 1169 951 ,
1191 912 1232 945 et
1248 904 1485 960 baptizetur
1501 904 1722 961 unusquis·

372 984 483 1025 »que
506 964 690 1012 vestrum
716 971 753 1011 in
787 972 957 1014 nomine
985 973 1151 1015 Domini
1173 974 1275 1016 Jesu
1309 974 1491 1026 Christi,
1519 975 1557 1017 in
1582 975 1724 1018 remis·

373 1040 562 1081 »sionem
611 1050 883 1097 peccatorum
909 1060 919 1090 ;
970 1051 1011 1084 et
1059 1045 1272 1100 accipietis
1323 1046 1499 1102 gratiam
1543 1043 1723 1105 Spiritus

373 1109 578 1152 »sancti².
601 1130 615 1149 υ
634 1112 745 1166 Ergo
770 1113 876 1153 sicut
899 1112 1029 1155 Patris
1047 1122 1088 1155 et
1109 1112 1225 1162 Filii,
1250 1115 1303 1157 ita
1326 1119 1368 1157 et
1390 1112 1569 1172 Spiritus
1591 1114 1726 1158 sancti

373 1180 501 1235 gratia
527 1189 599 1222 est.
631 1181 854 1232 Quomodo
878 1183 989 1224 cuim
1013 1184 1101 1224 sine
1125 1183 1281 1241 Spiritu
1305 1194 1443 1243 potest
1461 1200 1551 1227 esse
1570 1183 1726 1243 gratia,

376 1264 471 1291 cum
500 1250 628 1307 gratia
659 1251 793 1292 divina
819 1253 954 1294 omnis
983 1253 1021 1294 in
1041 1253 1200 1310 Spiritu
1222 1264 1369 1296 sancto
1393 1255 1473 1296 sit?

435 1321 628 1362 CXXIII.
669 1322 915 1379 Nec-solum
942 1339 1086 1379 pacem
1111 1332 1152 1365 et
1180 1325 1354 1381 gratiam
1387 1323 1564 1381 legimus
1594 1320 1727 1367 PatriS

376 1398 417 1431 et
438 1391 530 1432 Filii
554 1400 594 1432 ct
617 1392 793 1447 Spiritus
820 1393 980 1440 saucti3
1006 1395 1077 1435 sed
1100 1394 1225 1435 etiam
1249 1394 1526 1441 charitatem,
1551 1403 1594 1436 et
1618 1408 1730 1435 com-

376 1460 648 1507 munionem,
683 1461 816 1502 fich-lis
850 1463 1048 1519 Augusto.
1085 1464 1146 1505 De
1179 1464 1383 1505 charitate
1417 1464 1529 1505 enim
1567 1463 1730 1505 dictum

378 1543 439 1571 est
469 1546 477 1571 :
513 1549 527 1568 e
557 1531 697 1572 Gratia
732 1533 899 1573 Domini
932 1534 1062 1575 nostri
1101 1534 1200 1574 Jesu
1246 1533 1434 1580 Christi,
1472 1542 1513 1575 et
1551 1532 1732 1574 charitas

381 1602 485 1643 »Dei
571 1621 584 1639 1>
614 1603 863 1658 Accepimus
902 1604 1150 1645 charitatem
1181 1605 1324 1646 Patris.
1364 1605 1519 1645 Eadem
1552 1603 1733 1645 charitas

382 1686 474 1727 quae
497 1673 651 1719 Patris,
678 1674 801 1714 etiam
826 1674 916 1714 Filii
941 1683 1014 1715 est.
1040 1675 1131 1729 lpse
1151 1675 1261 1715 enim
1288 1674 1387 1715 dixit
1410 1689 1419 1714 :
1446 1692 1460 1710 (ι
1481 1673 1564 1725 Qui
1587 1688 1654 1714 me
1676 1672 1735 1714 di·

383 1742 499 1797 »tigit
521 1774 531 1789 ,
567 1743 761 1798 diligetur
789 1759 808 1784 a
839 1744 957 1784 Patre
988 1759 1108 1791 meo,
1140 1753 1183 1786 et
1214 1759 1290 1800 ego
1321 1744 1489 1800 diligam
1517 1757 1616 1785 enm
1639 1741 1669 1784 ¹⁸.
1707 1758 1725 1780 ο

385 1812 489 1862 Quae
509 1820 570 1852 est
586 1813 698 1853 enim
717 1813 895 1855 charitas
915 1814 1030 1861 Filii,
1053 1814 1130 1855 nisi
1149 1815 1244 1870 qnia
1270 1829 1312 1855 se
1336 1829 1410 1870 pro
1427 1813 1547 1855 nobis
1563 1812 1734 1859 obtulit.

384 1891 425 1923 et
448 1898 523 1922 suo
546 1883 746 1939 sangnine
776 1899 847 1923 nos
872 1884 1114 1926 redemit⁵P
1141 1885 1292 1925 Eadem
1323 1893 1462 1925 autem
1493 1883 1674 1925 charitas
1695 1889 1739 1924 et

387 1952 426 1993 in
452 1953 573 1994 Patro
595 1962 679 2003 est,
709 1955 800 2009 qnia
830 1955 1031 2010 scriptum
1058 1964 1148 1996 est:
1173 1973 1187 1992 ιι
1213 1954 1281 1996 Sic
1315 1955 1426 1995 enim
1458 1953 1600 1995 dilexit
1626 1952 1738 1994 Deus

390 2026 625 2065 »mnndum
641 2058 649 2071 ‚
677 2034 719 2065 nt
737 2026 890 2065 Filium
909 2041 1030 2066 suum
1052 2026 1315 2081 unigenitum
1340 2023 1498 2066 darrt⁶.
1525 2043 1540 2062 i>

448 2093 640 2135 CXXIV.
671 2094 863 2136 Tradidit
893 2111 992 2151 ergo
1015 2096 1136 2137 Pater
1169 2096 1344 2143 Filium,
1373 2103 1411 2136 et
1439 2094 1568 2136 Filius
1591 2093 1678 2150 ipse
1697 2107 1741 2134 se

391 2164 572 2205 tradidit.
603 2163 799 2205 Servatur
823 2165 1027 2213 charitas,
1053 2181 1131 2207 nec
1156 2166 1320 2206 laeditur
1353 2165 1510 2221 pietas3
1539 2164 1652 2205 nulla
1680 2170 1743 2205 est:

390 2234 501 2273 enim
539 2233 700 2288 pietatis
732 2234 909 2289 injuria,
940 2235 1009 2275 nbi
1036 2237 1147 2276 nulla
1180 2245 1240 2276 cst
1271 2235 1505 2276 traditionis
1536 2248 1736 2274 aerutnna.

390 2302 578 2344 Tradidit
611 2304 817 2344 volentem
838 2336 847 2351 ‚
881 2305 1051 2346 tradidit
1081 2304 1354 2352 offerentem,
1392 2320 1474 2345 non
1512 2303 1655 2359 utique
1691 2302 1745 2344 ad

389 2387 557 2429 poenam
586 2373 708 2414 Pater
739 2374 922 2421 Filium,
952 2376 1025 2416 sed
1059 2376 1111 2416 ad
1148 2375 1337 2431 gratiam.
1375 2374 1417 2416 Si
1451 2373 1624 2416 discutis
1646 2371 1746 2414 facti

395 2444 614 2495 meritum,
653 2444 861 2500 interroga
904 2445 1066 2501 pietatis
1098 2446 1366 2487 vocabulum.
1414 2444 1494 2486 Vas
1527 2443 1746 2487 electionis

395 2514 599 2555 unitatem
627 2514 734 2556 hanc
759 2515 907 2556 dixinae
931 2515 1144 2556 charitatis
1166 2515 1383 2557 evidenter
1408 2513 1618 2561 ostendit3
1650 2511 1747 2569 quia

444 2620 451 2639 ¹
473 2617 570 2647 zach,
600 2629 655 2649 xii.
682 2628 727 2648 ιο.
753 2635 789 2640 —-
819 2627 829 2639 ²
862 2620 932 2649 Art.
965 2631 1001 2655 ιι,
1032 2619 1084 2649 58.
1104 2635 1143 2642 -·
1161 2619 1171 2638 ³
1191 2629 1206 2648 2
1234 2617 1313 2650 Cor.
1331 2628 1401 2652 Μιι,
1420 2616 1467 2647 13.
1482 2633 1523 2640 —-
1538 2616 1551 2638 ⁴
1568 2615 1665 2647 Joan.
1680 2623 1748 2653 ΣΝ,

403 2682 452 2702 21.
472 2689 510 2695 -
534 2674 547 2694 ὅ
568 2671 684 2713 Eplies.
705 2684 734 2705 v,
755 2684 783 2702 2.
803 2689 838 2695 —
856 2678 868 2693 0
891 2674 986 2704 Joan.
1011 2685 1058 2711 ιιι,
1084 2673 1134 2706 16.
