1768 3283
524 279 574 305 ne
609 279 716 312 mon,
754 278 830 306 Lm.
869 279 904 307 v.
1315 267 1395 312 265

49 357 304 400 mensorium
330 356 432 398 vidit
452 357 659 414 Propheta
674 389 683 405 ,
715 372 798 417 quo
819 358 1074 402 metiebatur
1092 359 1278 418 Angelus
1300 363 1399 405 Hie-

44 426 266 468 rus-alem&
319 424 569 467 Metiebatur
615 434 753 468 tamen
804 427 989 484 Angelus
1015 461 1025 476 ‚
1070 444 1156 471 non
1198 430 1344 473 Arrius
1386 448 1396 473 :

44 496 299 538 metiebatur
318 495 603 544 Hierusalem,
629 510 713 537 non
741 496 890 538 Deum.
921 497 974 538 Et
1005 497 1181 540 sortasse
1203 515 1281 542 nec
1309 501 1404 542 Hie-

48 567 229 608 rusalem
256 565 396 606 metiri
418 573 581 621 poterat
607 566 818 622 Angelus3
846 567 908 607 vir
931 567 1043 609 enim
1071 577 1175 611 erat.
1208 569 1405 626 Denique

45 638 103 680 sie
127 635 253 678 habes
277 635 382 676 :«Et
408 636 578 676 allevavi
599 637 744 677 oculos
760 668 770 683 ‚
796 644 838 677 et
857 636 942 677 vidi
963 652 971 677 ε
993 645 1034 679 et
1054 652 1156 680 ecce
1177 638 1263 686 vir,
1288 647 1329 681 et
1356 639 1398 680 in

46 721 204 749 »manu
244 705 334 761 ejus
372 704 584 746 funiculus
624 705 992 761 agrimensorius².
1019 725 1034 746 »
1055 708 1128 749 Vir
1169 716 1257 750 erat
1299 709 1395 764 quia

50 786 176 834 typus
195 775 449 832 suscipiendi
475 775 662 831 corporis
687 776 992 817 declarabatur.
1027 776 1100 819 Vir
1120 787 1209 819 erat
1233 778 1301 820 illo
1318 811 1327 825 ‚
1352 778 1404 821 de

46 861 127 903 quo
149 836 210 887 est
230 845 388 886 dictum
411 858 420 884 :
440 844 562 885 «Post
580 858 648 885 me
665 845 873 893 venit-vir,
898 846 1019 901 cujus
1036 861 1120 888 non
1140 862 1232 888 sum
1252 848 1403 904 dignus

46 918 237 959 »solvere
268 915 489 971 corrigiam
524 915 798 956 calceamenti
826 915 959 971 ejus³.
978 935 992 954 u
1012 917 1121 974 Ergo
1148 917 1338 961 Christus
1362 919 1403 961 in

49 997 150 1045 typo
172 987 432 1029 Hierusalem
458 986 651 1034 metitur,
677 985 823 1027 Arrius
843 986 993 1030 Deum.

106 1057 322 1100 CCXXX.
359 1057 411 1098 Et
447 1056 620 1097 Satanas
659 1055 928 1113 transfigurat
957 1073 1000 1099 se
1023 1058 1064 1099 in
1097 1058 1307 1115 Angelum
1336 1060 1405 1101 lu-

49 1129 106 1170 cis
120 1129 289 1185 ⁶‚quid
317 1128 470 1169 mirum
496 1127 528 1168 si
554 1126 701 1168 Arrius
726 1143 847 1169 suum
876 1128 1064 1170 imitatur
1090 1137 1333 1178 auctorem,
1361 1139 1405 1173 ut

48 1207 221 1256 usurpet
238 1197 411 1240 illicita?
430 1197 548 1238 Licet
566 1197 677 1253 quod
697 1197 818 1239 Pater
836 1213 934 1239 suus
953 1198 1144 1241 diabolus
1164 1215 1238 1257 per
1257 1210 1408 1243 semet-

49 1269 183 1324 ipsum
212 1282 296 1309 non
320 1266 418 1308 fecit
435 1298 445 1313 ‚
472 1266 800 1308 intolerabiliore
827 1266 903 1308 iste
924 1267 1142 1325 sacrilegio
1165 1269 1404 1312 divinorum

49 1338 126 1380 sibi
145 1337 362 1379 scientiam
381 1344 640 1378 secretorum
657 1369 665 1384 ,
688 1345 727 1378 et
745 1352 934 1394 supernae
955 1339 1234 1395 generationis
1254 1355 1403 1382 arcana

49 1417 294 1466 praesumam
333 1407 526 1449 diabolus
559 1407 669 1448 euim
704 1422 848 1449 verum
882 1407 957 1449 Dei
983 1409 1137 1451 Filium
1165 1409 1403 1459 fatebatur,

50 1479 196 1521 Arrius
219 1486 357 1534 negat.

110 1548 344 1591 CCXXXI.
382 1547 424 1590 Si
447 1562 545 1604 ergo
583 1548 720 1589 metiri
748 1557 788 1590 te
808 1581 818 1597 ,
845 1549 1111 1606 omnipotens
1139 1551 1264 1592 Pater
1281 1583 1292 1599 ,
1317 1565 1403 1593 non

51 1635 156 1677 queo
174 1651 184 1667 ,
214 1625 455 1675 possum-ne
480 1618 569 1659 sine
596 1618 813 1674 sacrilegio
838 1619 888 1659 de
914 1628 994 1661 tuae
1018 1620 1299 1675 generationis
1326 1621 1406 1661 dis-

51 1699 197 1747 putare
216 1687 409 1730 secreto?
426 1688 670 1730 Possum-ne
691 1688 831 1729 dicere
847 1690 960 1744 quod
990 1689 1146 1744 aliquid
1169 1689 1277 1732 inter
1299 1698 1340 1731 te
1363 1698 1405 1731 et

49 1761 200 1803 Filium
226 1767 343 1800 tuum
367 1759 459 1815 plus
482 1757 672 1798 minusve
704 1757 779 1805 sit;
805 1772 902 1799 cum
928 1759 1016 1814 ipse
1043 1758 1113 1814 qui
1138 1773 1188 1800 ex
1211 1767 1252 1800 te
1280 1767 1402 1800 natus

51 1838 137 1878 est,
166 1829 317 1881 dixerit
341 1841 383 1869 :u
402 1827 552 1869 Omnia
577 1842 668 1883 quae
694 1827 817 1868 Pater
839 1827 967 1868 habet
988 1842 1077 1868 mea
1105 1827 1277 1869 sunt⁵?»
1301 1828 1405 1878 Quis

51 1915 120 1942 me
143 1898 360 1941 constituit
382 1897 568 1952 judicem
604 1905 674 1937 aut
703 1896 926 1938 divisorem
954 1898 1005 1938 de
1029 1897 1155 1938 rebus
1183 1896 1406 1939 humanis?

53 1970 141 2010 Hoc
163 1969 291 2010 Filius
310 1967 436 2013 dicit,
458 1974 497 2007 et
516 1981 589 2007 uos
609 1966 716 2008 inter
738 1966 902 2007 Patrem
921 1975 964 2007 et
986 1966 1137 2008 Filium
1157 1966 1405 2010 divisionem

54 2038 173 2080 nobis
196 2046 237 2079 et
253 2036 457 2093 judicium
480 2034 769 2076 vindicamus?
793 2035 907 2076 Bona
932 2035 1064 2092 pietas
1089 2035 1267 2077 arbitros
1297 2036 1405 2077 resu-

53 2108 110 2165 git
128 2109 253 2148 etiam
278 2106 317 2147 in
337 2105 538 2147 divisione
559 2104 818 2161 patrimonii.
847 2105 928 2146 Nos
946 2120 1044 2161 erge
1063 2104 1219 2146 erimus
1242 2106 1404 2154 arbitri,

54 2187 99 2219 ut
124 2177 232 2219 inter
252 2185 292 2218 te
314 2183 354 2217 et
377 2175 530 2217 Filium
556 2182 673 2215 tuum
698 2174 895 2216 increata>
926 2173 1194 2230 majestatem
1220 2175 1410 2216 substan-

55 2249 119 2290 tiae
136 2247 399 2290 dividamus?

114 2316 366 2359 CCXXXIL
402 2332 416 2352 (ι
432 2314 674 2362 Generatim
696 2314 846 2370 inquit,
866 2313 972 2361 haec,
994 2313 1206 2370 generatio
1225 2328 1407 2370 nequam

55 2395 145 2428 »est
163 2401 170 2427 :
189 2387 352 2442 signum
372 2385 535 2441 quaerit,
554 2394 595 2427 et
611 2385 776 2442 signum
791 2399 874 2425 non
889 2384 1058 2426 dabitur
1071 2384 1124 2430 ei,
1146 2384 1224 2426 nisi
1242 2384 1406 2440 signum

55 2475 69 2495 »
83 2456 203 2499 Jonae
221 2454 483 2512 Prophetae⁰.
506 2473 521 2494 ι)
545 2454 720 2512 Signum
738 2454 883 2510 utique
903 2456 1026 2495 datur
1044 2468 1125 2495 non
1148 2454 1403 2503 Divinitatis,

102 2567 110 2582 τ
141 2559 260 2590 Ezech.
279 2569 329 2592 xa.
347 2558 379 2588 5.
411 2575 450 2581 —
485 2567 497 2580 ²
529 2557 614 2588 lbid.
650 2575 689 2582 —
720 2558 734 2580 ³
763 2558 858 2589 Joan.
890 2569 912 2596 ι,
933 2567 986 2598 27·
1005 2575 1045 2582 --
1063 2559 1075 2585 4
1095 2567 1112 2589 2
1130 2556 1210 2590 Cor.
1233 2567 1280 2595 xi,
1302 2556 1404 2593 14.—

58 2614 68 2633 ⁵
89 2615 184 2646 Joan.
210 2624 276 2651 xvi,
295 2613 344 2644 15.
362 2630 402 2636 -
419 2613 435 2635 ὃ
452 2612 528 2644 Luc.
547 2623 589 2649 xi,
613 2623 663 2654 29.
