1768 3283
328 329 412 384 51&
936 352 1072 383 mni-254.

322 432 434 464 Cnm·
452 431 482 464 1.
503 431 711 463 Arrianorum
740 431 798 462 Dei
825 431 908 463 Filio
924 431 1103 463 bonitatem
1123 431 1346 473 abrogantium
1375 432 1403 462 oi
1418 431 1588 474 jectionem

368 496 431 514 non
449 485 517 515 sine
529 484 664 515 horrore
674 487 869 526 propositam
881 491 915 517 ut
927 486 1040 524 soivat,
1058 485 1180 517 Christi
1196 492 1431 518 sententiarum⁴
1448 497 1589 528 personis

369 536 577 579 loquentium,
593 545 651 568 nec
669 548 732 568 non
747 548 784 568 ex
804 539 877 581 ipsis
894 538 1086 570 dictionibus
1100 538 1249 580 explicat.

328 591 434 621 Cirtr
455 589 506 620 11.
525 589 648 621 Bonum
659 601 722 622 esse
747 592 806 622 Dei
819 592 937 623 Filium
948 591 987 622 ab
999 592 1148 634 operibus
1163 592 1295 633 probat,
1308 593 1455 624 nimirum
1468 592 1507 623 ab
1519 591 1585 632 eju>

383 655 421 681 in¹
439 643 600 674 lsi-uetitas
616 643 674 674 sub
698 645 906 676 Testamento
924 646 1047 683 Veteri,
1073 650 1105 675 et
1126 644 1157 674 in
1178 645 1378 676 Christianos
1402 647 1459 677 sub
1483 646 1588 681 bovo,

370 696 540 728 beneficiis.
558 697 642 728 'l'um
657 697 709 728 ubi
722 698 857 739 subjecit
875 698 951 730 utile
967 698 1026 728 sibi
1042 707 1107 728 esse
1121 704 1154 728 nt
1175 698 1294 729 bonum
1312 699 1478 729 dominnm
1492 709 1527 728 ae
1542 699 1590 739 ju-

370 754 470 780 dicem
485 760 575 780 suum
594 750 768 783 arbitretur
789 762 795 781 :
815 757 985 793 paternum
1010 752 1050 782 de
1064 750 1147 781 Eiiio
1167 752 1383 782 testimonium
1400 752 1513 786 afi'e1·t;
1529 751 1592 781 imo

372 809 466 834 etiam
479 806 579 846 partis
596 815 659 835 non
674 805 795 846 exiguae
810 806 1016 844 Judaeorum,
1038 805 1154 847 quibus
1167 805 1305 847 proinde
1325 807 1448 848 pejores
1461 806 1591 836 Arriani

367 870 432 891 esse
446 859 656 889 declarantur.
674 860 754 898 Quat:
766 860 871 890 omnia
888 860 1060 892 verborum
1075 859 1219 901 Sponsas,
1234 863 1377 891 eamdem
1393 859 1514 891 Curisti
1533 858 1589 889 bo-

369 914 500 944 nitatem
517 913 764 954 designantium,
777 914 895 945 claudit
915 922 1082 956 expositio.

324 969 434 999 Cipur
452 966 523 998 111.
541 967 657 998 Filium
672 968 732 998 Dei
742 969 845 999 Deum
859 968 977 999 bonum
989 980 1024 1000 ac
1041 981 1149 1002 verum
1160 981 1236 1005 esse,
1249 980 1321 1001 cum
1337 973 1423 999 Deus
1439 977 1519 998 uuus
1534 966 1585 997 sit.

323 1023 432 1052 Ciru'r
450 1021 508 1052 tv.
528 1020 792 1062 Omnipotentem
807 1032 871 1053 esse
886 1023 946 1053 Dei
970 1023 1086 1056 Filium
1103 1025 1197 1066 prisci
1214 1024 1354 1065 novique
1369 1022 1498 1053 i‘oederis
1515 1031 1591 1051 auc-

370 1083 413 1108 toi
423 1077 500 1107 itate
516 1075 767 1108 demonstratur.

323 1132 431 1161 Cnooe
450 1129 490 1161 V.
520 1129 670 1171 Objeetos
685 1130 835 1162 adversus
852 1131 973 1163 Christi
997 1131 1267 1174 omnipotentiam
1285 1132 1463 1171 Scriptura:
1484 1134 1592 1161 textus

367 1184 513 1226 exponit;
538 1194 574 1214 ac
591 1183 726 1214 maxime
744 1184 776 1215 in
792 1196 831 1216 eo
845 1186 1047 1224 immoratur,
1072 1194 1106 1218 ut
1132 1186 1280 1218 eumdem
1294 1196 1359 1216 non
1376 1195 1449 1216 raro
1464 1194 1504 1214 ea
1528 1183 1592 1214 hu-

367 1248 469 1269 manae
483 1243 604 1269 naturae
623 1239 740 1269 affectu
762 1238 902 1271 locutum
919 1240 1051 1282 probet.

326 1293 438 1324 Cnor
456 1291 515 1324 vl.
543 1291 717 1323 Occasione
736 1293 936 1335 superiorum
954 1294 1128 1337 Scriptura}
1151 1294 1294 1326 locorum
1317 1292 1471 1334 tantisper
1487 1290 1590 1332 digre-

367 1348 468 1382 diens.
490 1347 671 1378 libertatem
689 1347 818 1378 Domini
834 1348 973 1390 primum
997 1360 1035 1381 ex
1051 1359 1088 1381 eo
1105 1349 1191 1391 quod
1212 1348 1322 1380 eadem
1339 1349 1490 1389 praeditus
1505 1345 1592 1377 affir-

369 1407 472 1433 metur
491 1401 629 1443 Spiritus
643 1407 783 1438 sanctus,
799 1403 915 1434 deinde
929 1403 1085 1445 expressis
1099 1403 1214 1445 quihus
1238 1403 1304 1445 ipsa
1321 1401 1402 1433 Fiiio
1419 1400 1479 1432 Dei
1498 1400 1589 1431 attri-

367 1456 488 1494 buitur,
508 1456 696 1487 testimoniis
708 1456 915 1489 demonstrat.

324 1511 435 1542 Cim
457 1510 533 1541 vu.
552 1511 650 1542 Redit
665 1511 706 1541 ad
719 1512 890 1554 propositae
904 1512 1100 1546 difficultatis
1117 1513 1322 1551 solutionem,
1341 1516 1372 1543 et
1389 1510 1587 1542 voluntatem

366 1565 561 1607 affectusque
578 1564 732 1597 humanos
745 1576 763 1596 a
779 1566 910 1598 Curisto
925 1578 998 1598 vere
1014 1574 1172 1610 susceptos
1187 1577 1266 1602 esse.
1284 1578 1320 1598 ac
1339 1564 1473 1607 proinde
1496 1564 1591 1607 quid-

366 1620 442 1662 quid
461 1621 493 1652 in
510 1622 578 1663 ipso
594 1631 659 1651 non
678 1621 825 1662 congruit
840 1622 1023 1660 Divinitati,
1040 1633 1077 1653 ex
1091 1623 1203 1654 iisdem
1218 1623 1296 1654 oriri
1309 1622 1414 1662 docet,
1435 1625 1531 1662 atque
1549 1619 1588 1650 ad

368 1675 399 1705 id
415 1675 501 1717 quod
522 1675 615 1706 simul
627 1676 714 1707 Deus
735 1682 765 1708 et
781 1676 878 1708 homo
891 1683 974 1714 erat,
993 1677 1118 1709 referri.

325 1730 434 1761 (ἔῃσι
454 1729 552 1762 Vssl.
576 1731 628 1761 Ex
644 1731 803 1772 principio
816 1733 960 1773 proxime
976 1738 1049 1764 ante
1063 1733 1238 1763 constituto
1260 1731 1339 1762 iliud
1355 1730 1487 1762 solvitur
1503 1730 1590 1773 quod

369 1786 515 1818 Christus
535 1786 615 1819 dixit
629 1798 637 1817 2
653 1786 752 1818 Pater
771 1786 872 1828 major
887 1799 938 1819 me
949 1794 1009 1820 est.
1034 1788 1114 1826 Quae
1128 1787 1227 1820 verba
1241 1793 1273 1819 et
1294 1787 1354 1818 a'iia
1374 1786 1517 1829 ejusdem
1534 1796 1588 1817 ra-

367 1841 463 1873 tionis
491 1839 545 1871 ubi
569 1841 743 1872 secundum
769 1842 1000 1875 humanitatem
1027 1842 1232 1883 intelligenda
1249 1852 1315 1873 esse
1335 1847 1495 1873 ostensum
1526 1846 1588 1879 est,

369 1895 513 1926 eumdem
533 1895 708 1927 Dominum
720 1897 893 1928 secundum
912 1903 1060 1929 naturam
1073 1897 1213 1928 divinam
1227 1895 1288 1927 dici
1312 1906 1376 1927 non
1390 1906 1482 1938 posse
1502 1895 1589 1927 Patri

370 1949 553 1981 interiorem
567 1949 673 1981 multis
689 1949 908 1983 confirmatur.

328 2005 436 2036 Cnrur
450 2004 513 2035 IX.
533 2004 769 2046 objicientibus
788 2005 916 2041 Filium,
932 2017 1004 2038 cum
1015 2017 1032 2037 a
1050 2007 1143 2038 Patre
1158 2007 1197 2038 sit
1214 2006 1336 2044 missus,
1353 2015 1390 2037 eo
1405 2005 1515 2047 utique
1526 2003 1589 2035 mi—

368 2069 479 2090 norem
492 2069 578 2096 esse3
600 2060 810 2102 respondetur
824 2061 914 2092 illum
929 2062 1025 2093 etiam
1042 2071 1059 2092 a
1081 2062 1206 2103 Spiritu
1231 2063 1372 2099 missum,
1401 2070 1465 2103 quo
1480 2065 1586 2092 tamen

369 2115 475 2145 minor
501 2124 565 2145 non
592 2115 761 2147 habeatur.
789 2115 929 2147 Additur
953 2116 1049 2148 etiam
1076 2116 1230 2158 Spiritum
1260 2116 1344 2149 mitti
1372 2126 1390 2147 a
1425 2117 1521 2147 Patre
1554 2120 1587 2146 et

369 2169 450 2201 Filio
469 2174 503 2201 ut
520 2169 684 2212 utriusque
699 2171 924 2212 operationum
946 2171 1050 2203 unitas
1066 2171 1258 2213 designetur.
1277 2172 1364 2202 Hinc
1379 2170 1588 2202 admonemur

369 2224 480 2255 sedulo
494 2223 752 2265 distinguendum
777 2234 848 2267 quae
863 2225 1037 2258 locutiones
1050 2225 1179 2258 Christo
1203 2231 1237 2257 ut
1254 2226 1333 2262 Deo,
1360 2235 1470 2268 quaeve
1482 2224 1584 2256 eidem

367 2285 400 2312 ut
417 2279 536 2311 homini
559 2280 775 2314 conveniant:
796 2291 931 2324 quarum
946 2282 1088 2323 exemp!a
1110 2291 1175 2312 non
1189 2291 1286 2324 pauca
1303 2281 1514 2322 subjiciuntur
1527 2291 1583 2311 ex-

366 2342 603 2379 ponunturque.

323 2389 432 2420 CAPUT
457 2392 500 2423 Χ.
524 2390 749 2433 Ohjectionem
765 2401 782 2423 a
799 2391 872 2423 Filii
893 2391 1074 2423 obedientia
1095 2391 1298 2433 desumptam
1317 2391 1422 2426 solvit,
1442 2395 1582 2422 ostenso-

367 2457 428 2487 que
445 2447 614 2479 Trinitatis
627 2457 723 2479 unam
735 2449 924 2490 potentiam,
938 2447 1147 2479 Divinitatem
1162 2454 1257 2489 atque
1270 2447 1490 2489 operationem
1506 2455 1585 2483 esse,

365 2503 454 2534 addit
472 2503 637 2535 Christum
651 2504 747 2536 etiam
761 2506 868 2539 matri,
887 2514 948 2546 qua
965 2502 1070 2534 minor
1085 2502 1146 2534 dici
1165 2502 1349 2545 neutiquam
1366 2507 1482 2545 potest,
1504 2502 1583 2532 obe-

366 2557 518 2589 dientiam
538 2558 732 2591 exhibuisse.

322 2611 430 2643 Cum
448 2613 513 2645 Xl.
543 2615 698 2657 Proponit
721 2626 794 2648 cum
821 2616 964 2648 Arrianis
978 2617 1160 2649 humaniter
1185 2627 1277 2659 agere
1301 2617 1423 2649 Christi
1438 2615 1584 2658 exemplo

369 2666 496 2699 vulnera
521 2668 594 2702 vino
616 2675 649 2702 et
665 2670 735 2702 oleo
761 2673 901 2705 curantis
920 2672 959 2704 ad
975 2673 1059 2714 quod
1082 2674 1206 2705 coeleste
1225 2672 1490 2706 medicamentum
1512 2683 1583 2705 om-

1629 538 1669 575 5i

1634 910 1673 940 55

1635 968 1675 995 ὁδ’

1636 1075 1676 1114 59

1633 1237 1671 1266 tit

1630 1674 1674 1706 65

1628 2346 1667 2377 72
