1768 3283
343 336 444 388 40ss-
887 349 916 376 s,
959 349 1148 376 Aiznnosu

343 430 439 472 ritu.
469 428 659 485 Denique
682 427 739 469 SlC
764 427 889 469 habet
916 443 925 468 Ξ
950 435 1060 484 Λμὴν,
1084 434 1183 484 ἀμὴν,
1202 434 1287 484 λέγω
1306 450 1373 480 σοι,
1394 434 1448 472 tiit-a
1469 435 1514 485 μὴ
1539 452 1596 480 τις
1617 453 1697 487 γεν-

342 507 427 549 νήθη
452 503 488 551 ἒξ
500 506 626 550 ὕδατος
641 507 694 542 καὶ
712 505 934 554 Πνεύματος,
957 496 1039 538 llOC
1059 504 1121 537 est
1141 528 1151 544 ,
1167 512 1181 533 (ί
1205 496 1266 538 De
1290 511 1394 552 aqua
1416 506 1457 538 cl:
1478 496 1650 554 Spiritu.
1671 517 1686 538 n

341 570 449 625 Ergo
476 583 571 610 cum
606 566 788 608 dubitari
821 580 906 607 non
931 566 1083 607 debeat
1114 566 1164 606 de
1193 574 1338 607 saneto
1372 566 1578 623 seriptum
1605 582 1709 616 esse

342 638 500 695 Spiritu
516 670 526 685 ‚
545 655 559 674 α
579 637 706 687 Quod
739 644 884 677 natum
906 643 969 677 est
996 636 1046 676 de
1075 634 1259 692 Spiritu3
1285 649 1400 676 »non
1429 643 1492 677 est
1521 636 1697 678 dubium

341 708 441 763 quin
464 707 577 749 Deus
600 707 650 748 sit
672 715 713 748 et
739 714 907 748 sanctus
936 705 1137 762 Spiritus,
1171 706 1406 747 secundum
1425 707 1539 762 quod
1562 706 1696 764 scrip-

343 786 432 819 tum
456 785 543 827 est,
568 777 692 833 quia«
718 775 830 817 Deus
851 775 1030 832 Spiritus
1052 783 1125 818 est.
1142 793 1156 814 n

397 846 564 889 LXVII.
591 846 702 887 Alibi
721 860 889 902 quoque
906 853 951 886 ut
969 846 1050 887 hoc
1069 846 1119 887 de
1136 853 1281 886 sancto
1302 843 1461 901 Spiritu
1479 845 1696 902 scripsisse

342 933 385 959 se
408 917 520 958 idem
541 916 805 973 Evangelista
838 923 1043 957 reseraret
1079 929 1119 956 τα
1147 914 1227 957 Per
1254 929 1428 971 aquam,
1463 914 1621 971 inquit,
1654 925 1696 959 et

334 986 568 1043 »Spiritum
592 987 704 1027 veuit
727 985 918 1027 Christus
934 984 1081 1033 Jesus,
1117 1000 1201 1026 non
1224 985 1360 1026 solum
1385 985 1427 1026 in
1452 1000 1579 1041 aqua,
1621 986 1695 1027 sed

335 1075 350 1095 ))
366 1071 440 1112 per
466 1070 618 1111 aquam
641 1063 682 1096 et
703 1055 962 1111 sanguinem.
984 1055 1034 1095 Et
1057 1054 1237 1110 Spiritus
1258 1054 1543 1096 testimonium
1563 1055 1691 1104 dicit,

338 1124 566 1180 »quoniam
589 1123 768 1181 Spiritus
793 1132 855 1165 est
879 1124 1052 1172 veritas;
1078 1123 1173 1179 quia
1196 1132 1279 1165 tres
1303 1132 1399 1165 sunt
1423 1131 1572 1173 testes,
1598 1123 1694 1182 Spi-

337 1214 351 1233 »
368 1194 495 1241 ritus,
522 1209 650 1250 aqua,
675 1194 841 1250 sanguis
869 1208 880 1234 ε
904 1202 946 1236 et
963 1193 1004 1235 hi
1026 1202 1109 1235 tres
1133 1208 1265 1234 unum
1285 1192 1424 1234 sunt¹.
1443 1211 1458 1232 »

393 1261 583 1306 LXVIII.
622 1263 732 1305 Audi
753 1264 966 1319 quomodo
985 1271 1110 1305 testes
1132 1278 1139 1304 :
1161 1262 1339 1319 Spiritus
1362 1270 1548 1304 mentem
1565 1277 1692 1305 reno-

336 1342 418 1382 vat,
439 1348 543 1389 aqua
562 1332 730 1390 proficit
749 1335 800 1375 ad
815 1334 1044 1379 lavacrum,
1066 1333 1233 1389 sanguis
1252 1340 1412 1389 spectat
1426 1333 1476 1374 ad
1489 1332 1685 1390 pretium.

334 1404 513 1461 Spiritus
547 1405 660 1446 enim
683 1419 758 1446 nos
788 1420 864 1461 per
897 1404 1165 1462 adoptionem
1191 1403 1296 1445 filios
1327 1403 1402 1445 Dei
1424 1403 1548 1452 fecit,
1581 1404 1690 1446 sacri

333 1473 457 1515 fontis
479 1475 590 1515 unda
609 1489 683 1516 nos
708 1474 864 1523 abluit,
889 1475 1054 1532 sanguis
1076 1474 1247 1517 Domini
1267 1487 1343 1515 nos
1360 1472 1551 1515 redemit.
1580 1473 1692 1515 Alte-

330 1558 425 1585 rum
448 1543 574 1601 igitur
596 1544 805 1586 invisibile
821 1577 831 1592 ,
861 1545 1039 1586 alterum
1062 1544 1224 1586 visibile
1249 1543 1536 1585 testimonium
1560 1558 1694 1585 sacra-

330 1620 473 1654 mento
497 1614 798 1669 consequimur
820 1614 1020 1671 spiritali3
1046 1614 1138 1670 quia
1155 1631 1170 1652 (ι
1198 1613 1376 1670 Spiritus
1400 1613 1691 1655 testimonium

331 1683 499 1723 »reddit
521 1683 685 1739 spiritui
706 1683 916 1726 nostr02.»
934 1684 1019 1725 Etsi
1039 1684 1080 1725 in
1106 1693 1285 1740 utroque
1307 1682 1526 1740 plenitudo
1550 1684 1602 1725 sit
1623 1699 1692 1725 sa-

332 1754 552 1801 cramenti,
568 1753 782 1796 distinctio
798 1762 935 1796 tamen
954 1755 1143 1796 muneris
1160 1763 1223 1796 est
1243 1770 1251 1796 :
1276 1769 1376 1812 ergo
1391 1755 1462 1796 ubi
1476 1754 1689 1797 distinctio

334 1830 396 1862 est
417 1823 628 1873 muneris,
648 1839 733 1866 non
754 1833 815 1867 est
837 1825 981 1881 utique
1005 1824 1311 1867 testificationis
1327 1824 1551 1882 aequalitas.

375 1934 381 1948 ¹
409 1936 419 1956 ι
437 1925 534 1959 Joan.
550 1937 581 1964 v,
597 1928 630 1967 6,
645 1933 676 1961 et
689 1938 780 1972 seqq.
800 1946 840 1952 —-
855 1937 867 1952 ¹
889 1929 983 1963 Rom.
1001 1940 1074 1966 vm,
1096 1930 1144 1961 16.

1766 456 1768 496 ι

1766 509 1768 528 .

1765 555 1768 625 i

1765 627 1768 728 l
