<?xml version="1.0" encoding="UTF-8"?>
<!DOCTYPE html PUBLIC "-//W3C//DTD XHTML 1.0 Transitional//EN"
    "http://www.w3.org/TR/xhtml1/DTD/xhtml1-transitional.dtd">
<html xmlns="http://www.w3.org/1999/xhtml" xml:lang="en" lang="en">
 <head>
  <title>
</title>
<meta http-equiv="Content-Type" content="text/html;charset=utf-8" />
  <meta name='ocr-system' content='tesseract 3.04.00' />
  <meta name='ocr-capabilities' content='ocr_page ocr_carea ocr_par ocr_line ocrx_word'/>
</head>
<body>
  <div class='ocr_page' id='page_1' title='image "./omniaequaeextant06ambruoft_0290.png"; bbox 0 0 1768 3283; ppageno 0'>
   <div class='ocr_carea' id='block_1_1' title="bbox 348 308 1152 352">
    <p class='ocr_par' dir='ltr' id='par_1_1' title="bbox 348 308 1152 352">
     <span class='ocr_line' id='line_1_1' title="bbox 348 308 1152 352; baseline 0.002 -16"><span class='ocrx_word' id='word_1_1' title='bbox 348 308 429 352; x_wconf 76' lang='lat'><strong>272</strong></span> <span class='ocrx_word' id='word_1_2' title='bbox 893 311 924 338; x_wconf 92' lang='lat' dir='ltr'><strong>s.</strong></span> <span class='ocrx_word' id='word_1_3' title='bbox 964 311 1152 338; x_wconf 79' lang='lat' dir='ltr'>AMBROSH</span> 
     </span>
    </p>
   </div>
   <div class='ocr_carea' id='block_1_2' title="bbox 348 388 1767 2557">
    <p class='ocr_par' dir='ltr' id='par_1_2' title="bbox 348 388 1759 1062">
     <span class='ocr_line' id='line_1_2' title="bbox 407 388 1698 446; baseline 0.003 -15"><span class='ocrx_word' id='word_1_4' title='bbox 407 388 476 431; x_wconf 89' lang='lat' dir='ltr'><strong>VI.</strong></span> <span class='ocrx_word' id='word_1_5' title='bbox 504 388 665 440; x_wconf 81' lang='lat' dir='ltr'><strong>Quaerit</strong></span> <span class='ocrx_word' id='word_1_6' title='bbox 682 388 854 430; x_wconf 82' lang='lat' dir='ltr'><strong>sortasse</strong></span> <span class='ocrx_word' id='word_1_7' title='bbox 877 389 1023 444; x_wconf 88' lang='lat' dir='ltr'><strong>aliquis</strong></span> <span class='ocrx_word' id='word_1_8' title='bbox 1047 398 1290 430; x_wconf 78' lang='lat' dir='ltr'>utrumnam</span> <span class='ocrx_word' id='word_1_9' title='bbox 1319 390 1436 446; x_wconf 83' lang='lat' dir='ltr'><strong>quasi</strong></span> <span class='ocrx_word' id='word_1_10' title='bbox 1457 389 1698 435; x_wconf 88' lang='lat' dir='ltr'><strong>incredulus</strong></span> 
     </span>
     <span class='ocr_line' id='line_1_3' title="bbox 348 459 1700 515; baseline 0.003 -14"><span class='ocrx_word' id='word_1_11' title='bbox 348 474 437 501; x_wconf 84' lang='lat' dir='ltr'><strong>esse</strong></span> <span class='ocrx_word' id='word_1_12' title='bbox 456 460 660 507; x_wconf 86' lang='lat' dir='ltr'><strong>videatur,</strong></span> <span class='ocrx_word' id='word_1_13' title='bbox 690 460 760 515; x_wconf 88' lang='lat' dir='ltr'><strong>qui</strong></span> <span class='ocrx_word' id='word_1_14' title='bbox 787 459 1076 514; x_wconf 74' lang='lat' dir='ltr'><strong>frequentibus</strong></span> <span class='ocrx_word' id='word_1_15' title='bbox 1101 459 1348 502; x_wconf 77' lang='lat' dir='ltr'><strong>informatus</strong></span> <span class='ocrx_word' id='word_1_16' title='bbox 1373 461 1536 504; x_wconf 89' lang='lat' dir='ltr'><strong>indiciis</strong></span> <span class='ocrx_word' id='word_1_17' title='bbox 1561 463 1700 506; x_wconf 86' lang='lat' dir='ltr'><strong>adhue</strong></span> 
     </span>
     <span class='ocr_line' id='line_1_4' title="bbox 348 528 1702 589; baseline 0.002 -18"><span class='ocrx_word' id='word_1_18' title='bbox 348 531 468 587; x_wconf 87' lang='lat' dir='ltr'><strong>plura</strong></span> <span class='ocrx_word' id='word_1_19' title='bbox 491 529 723 587; x_wconf 74' lang='lat' dir='ltr'><strong>poscebat?</strong></span> <span class='ocrx_word' id='word_1_20' title='bbox 753 528 836 570; x_wconf 88' lang='lat' dir='ltr'><strong>Sed</strong></span> <span class='ocrx_word' id='word_1_21' title='bbox 864 530 1224 584; x_wconf 78' lang='lat' dir='ltr'>quemadmodum</span> <span class='ocrx_word' id='word_1_22' title='bbox 1254 539 1392 589; x_wconf 84' lang='lat' dir='ltr'><strong>potest</strong></span> <span class='ocrx_word' id='word_1_23' title='bbox 1422 532 1553 573; x_wconf 83' lang='lat' dir='ltr'><strong>videri</strong></span> <span class='ocrx_word' id='word_1_24' title='bbox 1585 533 1702 588; x_wconf 88' lang='lat' dir='ltr'><strong>quasi</strong></span> 
     </span>
     <span class='ocr_line' id='line_1_5' title="bbox 353 601 1702 659; baseline 0.002 -17"><span class='ocrx_word' id='word_1_25' title='bbox 353 601 576 657; x_wconf 76' lang='lat' dir='ltr'><strong>ambiguus</strong></span> <span class='ocrx_word' id='word_1_26' title='bbox 619 601 890 655; x_wconf 81' lang='lat' dir='ltr'>incertusque</span> <span class='ocrx_word' id='word_1_27' title='bbox 924 608 1131 648; x_wconf 75' lang='lat' dir='ltr'><strong>tentasse,</strong></span> <span class='ocrx_word' id='word_1_28' title='bbox 1165 601 1236 656; x_wconf 87' lang='lat' dir='ltr'><strong>qui</strong></span> <span class='ocrx_word' id='word_1_29' title='bbox 1268 602 1465 658; x_wconf 83' lang='lat' dir='ltr'><strong>mysteria</strong></span> <span class='ocrx_word' id='word_1_30' title='bbox 1500 603 1702 659; x_wconf 88' lang='lat' dir='ltr'><strong>loqueba-</strong></span> 
     </span>
     <span class='ocr_line' id='line_1_6' title="bbox 353 670 1758 728; baseline 0.001 -15"><span class='ocrx_word' id='word_1_31' title='bbox 353 672 456 713; x_wconf 69' lang='lat' dir='ltr'><strong>tur?</strong></span> <span class='ocrx_word' id='word_1_32' title='bbox 482 671 574 713; x_wconf 90' lang='lat' dir='ltr'><strong>Non</strong></span> <span class='ocrx_word' id='word_1_33' title='bbox 592 685 691 726; x_wconf 81' lang='lat' dir='ltr'><strong>ergo</strong></span> <span class='ocrx_word' id='word_1_34' title='bbox 726 671 794 712; x_wconf 91' lang='lat' dir='ltr'><strong>ille</strong></span> <span class='ocrx_word' id='word_1_35' title='bbox 821 670 1063 728; x_wconf 82' lang='lat' dir='ltr'><strong>ambigunS,</strong></span> <span class='ocrx_word' id='word_1_36' title='bbox 1092 671 1165 712; x_wconf 88' lang='lat' dir='ltr'><strong>sed</strong></span> <span class='ocrx_word' id='word_1_37' title='bbox 1188 671 1412 728; x_wconf 88' lang='lat' dir='ltr'><strong>providus,</strong></span> <span class='ocrx_word' id='word_1_38' title='bbox 1440 687 1492 714; x_wconf 86' lang='lat' dir='ltr'><strong>ne</strong></span> <span class='ocrx_word' id='word_1_39' title='bbox 1516 688 1591 714; x_wconf 89' lang='lat' dir='ltr'><strong>nos</strong></span> <span class='ocrx_word' id='word_1_40' title='bbox 1622 688 1704 715; x_wconf 84' lang='lat' dir='ltr'><strong>am-</strong></span> <span class='ocrx_word' id='word_1_41' title='bbox 1757 719 1758 723; x_wconf 41' lang='lat'>,</span> 
     </span>
     <span class='ocr_line' id='line_1_7' title="bbox 354 740 1703 798; baseline 0.002 -16"><span class='ocrx_word' id='word_1_42' title='bbox 354 741 604 796; x_wconf 81' lang='lat' dir='ltr'><strong>bigeremus.</strong></span> <span class='ocrx_word' id='word_1_43' title='bbox 634 740 739 783; x_wconf 89' lang='lat' dir='ltr'><strong>Nam</strong></span> <span class='ocrx_word' id='word_1_44' title='bbox 769 741 981 797; x_wconf 85' lang='lat' dir='ltr'><strong>quomodo</strong></span> <span class='ocrx_word' id='word_1_45' title='bbox 1011 740 1078 782; x_wconf 88' lang='lat' dir='ltr'><strong>ille</strong></span> <span class='ocrx_word' id='word_1_46' title='bbox 1097 740 1338 797; x_wconf 81' lang='lat' dir='ltr'><strong>ambiguus,</strong></span> <span class='ocrx_word' id='word_1_47' title='bbox 1364 741 1484 798; x_wconf 87' lang='lat' dir='ltr'><strong>cujus</strong></span> <span class='ocrx_word' id='word_1_48' title='bbox 1517 743 1703 798; x_wconf 85' lang='lat' dir='ltr'><strong>precatio</strong></span> 
     </span>
     <span class='ocr_line' id='line_1_8' title="bbox 356 810 1759 863; baseline 0.002 -11"><span class='ocrx_word' id='word_1_49' title='bbox 356 811 539 853; x_wconf 84' lang='lat' dir='ltr'><strong>habebat</strong></span> <span class='ocrx_word' id='word_1_50' title='bbox 580 810 810 852; x_wconf 75' lang='lat' dir='ltr'><strong>effectum?</strong></span> <span class='ocrx_word' id='word_1_51' title='bbox 845 810 963 852; x_wconf 88' lang='lat' dir='ltr'><strong>Unde</strong></span> <span class='ocrx_word' id='word_1_52' title='bbox 1000 818 1140 852; x_wconf 82' lang='lat' dir='ltr'><strong>autem</strong></span> <span class='ocrx_word' id='word_1_53' title='bbox 1182 825 1354 853; x_wconf 87' lang='lat' dir='ltr'><strong>securus</strong></span> <span class='ocrx_word' id='word_1_54' title='bbox 1389 813 1559 854; x_wconf 87' lang='lat' dir='ltr'><strong>adorsus</strong></span> <span class='ocrx_word' id='word_1_55' title='bbox 1597 820 1704 855; x_wconf 83' lang='lat' dir='ltr'><strong>esset</strong></span> <span class='ocrx_word' id='word_1_56' title='bbox 1757 824 1759 863; x_wconf 67' lang='grc' dir='ltr'>ξ</span> 
     </span>
     <span class='ocr_line' id='line_1_9' title="bbox 354 879 1759 939; baseline 0.002 -18"><span class='ocrx_word' id='word_1_57' title='bbox 354 880 568 938; x_wconf 88' lang='lat' dir='ltr'><strong>praelium,</strong></span> <span class='ocrx_word' id='word_1_58' title='bbox 593 880 670 921; x_wconf 87' lang='lat' dir='ltr'><strong>nisi</strong></span> <span class='ocrx_word' id='word_1_59' title='bbox 688 879 958 922; x_wconf 72' lang='lat' dir='ltr'><strong>intellexisset</strong></span> <span class='ocrx_word' id='word_1_60' title='bbox 976 881 1225 922; x_wconf 86' lang='lat' dir='ltr'><strong>oraculum:</strong></span> <span class='ocrx_word' id='word_1_61' title='bbox 1256 895 1322 922; x_wconf 86' lang='lat' dir='ltr'><strong>ros</strong></span> <span class='ocrx_word' id='word_1_62' title='bbox 1348 880 1460 922; x_wconf 87' lang='lat' dir='ltr'><strong>enim</strong></span> <span class='ocrx_word' id='word_1_63' title='bbox 1487 880 1526 922; x_wconf 89' lang='lat' dir='ltr'><strong>in</strong></span> <span class='ocrx_word' id='word_1_64' title='bbox 1554 883 1706 924; x_wconf 76' lang='lat' dir='ltr'><strong>vellere</strong></span> <span class='ocrx_word' id='word_1_65' title='bbox 1758 936 1759 939; x_wconf 11' lang='grc' dir='ltr'><strong>Ἴ</strong></span> 
     </span>
     <span class='ocr_line' id='line_1_10' title="bbox 355 944 1759 1006; baseline 0 -13"><span class='ocrx_word' id='word_1_66' title='bbox 355 950 458 993; x_wconf 86' lang='lat' dir='ltr'><strong>fides</strong></span> <span class='ocrx_word' id='word_1_67' title='bbox 496 958 585 992; x_wconf 85' lang='lat' dir='ltr'><strong>erat</strong></span> <span class='ocrx_word' id='word_1_68' title='bbox 627 950 667 991; x_wconf 91' lang='lat' dir='ltr'><strong>in</strong></span> <span class='ocrx_word' id='word_1_69' title='bbox 709 949 855 993; x_wconf 80' lang='lat' dir='ltr'><strong>Judaea</strong></span> <span class='ocrx_word' id='word_1_70' title='bbox 876 967 887 999; x_wconf 90' lang='lat'>;</span> <span class='ocrx_word' id='word_1_71' title='bbox 939 950 1033 1006; x_wconf 85' lang='lat' dir='ltr'><strong>quia</strong></span> <span class='ocrx_word' id='word_1_72' title='bbox 1066 950 1175 992; x_wconf 78' lang='lat' dir='ltr'><strong>sicut</strong></span> <span class='ocrx_word' id='word_1_73' title='bbox 1210 966 1293 999; x_wconf 86' lang='lat' dir='ltr'><strong>ros,</strong></span> <span class='ocrx_word' id='word_1_74' title='bbox 1334 950 1410 992; x_wconf 87' lang='lat' dir='ltr'><strong>Dei</strong></span> <span class='ocrx_word' id='word_1_75' title='bbox 1450 951 1575 992; x_wconf 80' lang='lat' dir='ltr'><strong>verba</strong></span> <span class='ocrx_word' id='word_1_76' title='bbox 1611 952 1705 993; x_wconf 83' lang='lat' dir='ltr'><strong>dos·</strong></span> <span class='ocrx_word' id='word_1_77' title='bbox 1758 944 1759 973; x_wconf 80' lang='lat'>1</span> 
     </span>
     <span class='ocr_line' id='line_1_11' title="bbox 358 1020 583 1062; baseline -0.004 0"><span class='ocrx_word' id='word_1_78' title='bbox 358 1020 583 1062; x_wconf 77' lang='lat' dir='ltr'><strong>cendunt¹.</strong></span> 
     </span>
    </p>

    <p class='ocr_par' dir='ltr' id='par_1_3' title="bbox 357 1090 1710 1711">
     <span class='ocr_line' id='line_1_12' title="bbox 412 1090 1706 1150; baseline 0.001 -16"><span class='ocrx_word' id='word_1_79' title='bbox 412 1090 501 1134; x_wconf 89' lang='lat' dir='ltr'><strong>VII.</strong></span> <span class='ocrx_word' id='word_1_80' title='bbox 539 1091 648 1147; x_wconf 81' lang='lat' dir='ltr'><strong>Ergo</strong></span> <span class='ocrx_word' id='word_1_81' title='bbox 670 1092 836 1147; x_wconf 85' lang='lat' dir='ltr'><strong>quando</strong></span> <span class='ocrx_word' id='word_1_82' title='bbox 862 1098 974 1132; x_wconf 87' lang='lat' dir='ltr'><strong>totus</strong></span> <span class='ocrx_word' id='word_1_83' title='bbox 996 1090 1109 1132; x_wconf 89' lang='lat' dir='ltr'><strong>orbis</strong></span> <span class='ocrx_word' id='word_1_84' title='bbox 1134 1091 1396 1134; x_wconf 82' lang='lat' dir='ltr'><strong>infructuoso</strong></span> <span class='ocrx_word' id='word_1_85' title='bbox 1418 1100 1519 1134; x_wconf 81' lang='lat' dir='ltr'><strong>aestu</strong></span> <span class='ocrx_word' id='word_1_86' title='bbox 1543 1092 1706 1150; x_wconf 79' lang='lat' dir='ltr'><strong>gentilis</strong></span> 
     </span>
     <span class='ocr_line' id='line_1_13' title="bbox 357 1161 1708 1218; baseline 0 -15"><span class='ocrx_word' id='word_1_87' title='bbox 357 1161 664 1218; x_wconf 78' lang='lat' dir='ltr'><strong>superstitionis</strong></span> <span class='ocrx_word' id='word_1_88' title='bbox 686 1161 853 1209; x_wconf 79' lang='lat' dir='ltr'><strong>arebat,</strong></span> <span class='ocrx_word' id='word_1_89' title='bbox 886 1169 986 1201; x_wconf 83' lang='lat' dir='ltr'><strong>tunc</strong></span> <span class='ocrx_word' id='word_1_90' title='bbox 1007 1168 1096 1202; x_wconf 82' lang='lat' dir='ltr'><strong>erat</strong></span> <span class='ocrx_word' id='word_1_91' title='bbox 1122 1175 1189 1202; x_wconf 83' lang='lat' dir='ltr'><strong>ros</strong></span> <span class='ocrx_word' id='word_1_92' title='bbox 1211 1161 1279 1202; x_wconf 92' lang='lat' dir='ltr'><strong>ille</strong></span> <span class='ocrx_word' id='word_1_93' title='bbox 1299 1162 1478 1204; x_wconf 86' lang='lat' dir='ltr'><strong>coelestis</strong></span> <span class='ocrx_word' id='word_1_94' title='bbox 1502 1161 1683 1204; x_wconf 72' lang='lat' dir='ltr'><strong>visitatio</strong></span> <span class='ocrx_word' id='word_1_95' title='bbox 1698 1187 1708 1193; x_wconf 78' lang='lat'><em>-</em></span> 
     </span>
     <span class='ocr_line' id='line_1_14' title="bbox 359 1231 1707 1287; baseline -0.001 -13"><span class='ocrx_word' id='word_1_96' title='bbox 359 1232 421 1274; x_wconf 85' lang='lat' dir='ltr'><strong>nis</strong></span> <span class='ocrx_word' id='word_1_97' title='bbox 445 1232 483 1272; x_wconf 92' lang='lat' dir='ltr'><strong>in</strong></span> <span class='ocrx_word' id='word_1_98' title='bbox 514 1233 677 1273; x_wconf 78' lang='lat' dir='ltr'><strong>vellere.</strong></span> <span class='ocrx_word' id='word_1_99' title='bbox 698 1231 843 1273; x_wconf 83' lang='lat' dir='ltr'><strong>Postea</strong></span> <span class='ocrx_word' id='word_1_100' title='bbox 859 1245 1091 1286; x_wconf 82' lang='lat' dir='ltr'><strong>veroquam</strong></span> <span class='ocrx_word' id='word_1_101' title='bbox 1106 1245 1203 1272; x_wconf 88' lang='lat' dir='ltr'><strong>oves</strong></span> <span class='ocrx_word' id='word_1_102' title='bbox 1221 1245 1310 1287; x_wconf 85' lang='lat' dir='ltr'><strong>quae</strong></span> <span class='ocrx_word' id='word_1_103' title='bbox 1328 1231 1544 1287; x_wconf 86' lang='lat' dir='ltr'><strong>perierunt</strong></span> <span class='ocrx_word' id='word_1_104' title='bbox 1558 1232 1707 1273; x_wconf 89' lang='lat' dir='ltr'><strong>domus</strong></span> 
     </span>
     <span class='ocr_line' id='line_1_15' title="bbox 359 1300 1703 1359; baseline 0.001 -16"><span class='ocrx_word' id='word_1_105' title='bbox 359 1301 529 1350; x_wconf 45' lang='lat' dir='ltr'><strong>lsrael&amp;</strong></span> <span class='ocrx_word' id='word_1_106' title='bbox 555 1304 689 1358; x_wconf 84' lang='lat' dir='ltr'><strong>(unde</strong></span> <span class='ocrx_word' id='word_1_107' title='bbox 704 1311 804 1358; x_wconf 86' lang='lat' dir='ltr'><strong>puto</strong></span> <span class='ocrx_word' id='word_1_108' title='bbox 819 1300 996 1358; x_wconf 78' lang='lat' dir='ltr'><strong>figuram</strong></span> <span class='ocrx_word' id='word_1_109' title='bbox 1011 1300 1177 1343; x_wconf 84' lang='lat' dir='ltr'><strong>Juda&#39;ici</strong></span> <span class='ocrx_word' id='word_1_110' title='bbox 1198 1302 1362 1344; x_wconf 89' lang='lat' dir='ltr'><strong>velleris</strong></span> <span class='ocrx_word' id='word_1_111' title='bbox 1381 1303 1703 1359; x_wconf 80' lang='lat' dir='ltr'><strong>adumbratam)</strong></span> 
     </span>
     <span class='ocr_line' id='line_1_16' title="bbox 359 1372 1709 1429; baseline 0 -15"><span class='ocrx_word' id='word_1_112' title='bbox 359 1388 454 1415; x_wconf 88' lang='lat' dir='ltr'><strong>oves</strong></span> <span class='ocrx_word' id='word_1_113' title='bbox 472 1405 481 1420; x_wconf 88' lang='lat'><em>,</em></span> <span class='ocrx_word' id='word_1_114' title='bbox 500 1373 693 1429; x_wconf 86' lang='lat' dir='ltr'><strong>inquam,</strong></span> <span class='ocrx_word' id='word_1_115' title='bbox 719 1372 798 1414; x_wconf 70' lang='lat' dir='ltr'><strong>illae</strong></span> <span class='ocrx_word' id='word_1_116' title='bbox 822 1372 980 1413; x_wconf 89' lang='lat' dir='ltr'><strong>fontem</strong></span> <span class='ocrx_word' id='word_1_117' title='bbox 1005 1387 1121 1427; x_wconf 73' lang='lat' dir='ltr'><strong>aquze</strong></span> <span class='ocrx_word' id='word_1_118' title='bbox 1140 1373 1468 1429; x_wconf 77' lang='lat' dir='ltr'><strong>vivae&#39;negarunt</strong></span> <span class='ocrx_word' id='word_1_119' title='bbox 1485 1406 1494 1421; x_wconf 90' lang='lat'><strong>,</strong></span> <span class='ocrx_word' id='word_1_120' title='bbox 1521 1388 1588 1415; x_wconf 85' lang='lat' dir='ltr'><strong>ros</strong></span> <span class='ocrx_word' id='word_1_121' title='bbox 1612 1372 1709 1414; x_wconf 90' lang='lat' dir='ltr'><strong>fidei</strong></span> 
     </span>
     <span class='ocr_line' id='line_1_17' title="bbox 358 1441 1709 1498; baseline -0.001 -13"><span class='ocrx_word' id='word_1_122' title='bbox 358 1442 568 1485; x_wconf 88' lang='lat' dir='ltr'><strong>humentis</strong></span> <span class='ocrx_word' id='word_1_123' title='bbox 604 1442 765 1484; x_wconf 85' lang='lat' dir='ltr'><strong>exaruit</strong></span> <span class='ocrx_word' id='word_1_124' title='bbox 796 1442 837 1482; x_wconf 84' lang='lat' dir='ltr'><strong>in</strong></span> <span class='ocrx_word' id='word_1_125' title='bbox 864 1441 1107 1498; x_wconf 82' lang='lat' dir='ltr'><strong>pectoribus</strong></span> <span class='ocrx_word' id='word_1_126' title='bbox 1139 1441 1429 1490; x_wconf 81' lang='lat' dir='ltr'><strong>Judaeorum³,</strong></span> <span class='ocrx_word' id='word_1_127' title='bbox 1463 1451 1709 1498; x_wconf 86' lang='lat' dir='ltr'><strong>meatusque</strong></span> 
     </span>
     <span class='ocr_line' id='line_1_18' title="bbox 361 1511 1710 1569; baseline -0.001 -13"><span class='ocrx_word' id='word_1_128' title='bbox 361 1529 456 1556; x_wconf 87' lang='lat' dir='ltr'><strong>suos</strong></span> <span class='ocrx_word' id='word_1_129' title='bbox 479 1513 568 1554; x_wconf 87' lang='lat' dir='ltr'><strong>sons</strong></span> <span class='ocrx_word' id='word_1_130' title='bbox 595 1513 663 1554; x_wconf 90' lang='lat' dir='ltr'><strong>ille</strong></span> <span class='ocrx_word' id='word_1_131' title='bbox 687 1512 850 1554; x_wconf 86' lang='lat' dir='ltr'><strong>divinus</strong></span> <span class='ocrx_word' id='word_1_132' title='bbox 878 1512 918 1553; x_wconf 91' lang='lat' dir='ltr'><strong>in</strong></span> <span class='ocrx_word' id='word_1_133' title='bbox 952 1511 1078 1554; x_wconf 84' lang='lat' dir='ltr'><strong>corda</strong></span> <span class='ocrx_word' id='word_1_134' title='bbox 1112 1512 1299 1569; x_wconf 83' lang='lat' dir='ltr'><strong>gentium</strong></span> <span class='ocrx_word' id='word_1_135' title='bbox 1335 1512 1572 1555; x_wconf 70' lang='lat' dir='ltr'><strong>derivavit⁶.</strong></span> <span class='ocrx_word' id='word_1_136' title='bbox 1607 1513 1710 1554; x_wconf 81' lang='lat' dir='ltr'><strong>Inde</strong></span> 
     </span>
     <span class='ocr_line' id='line_1_19' title="bbox 362 1581 1708 1640; baseline 0 -16"><span class='ocrx_word' id='word_1_137' title='bbox 362 1584 561 1640; x_wconf 86' lang='lat' dir='ltr'><strong>estquod</strong></span> <span class='ocrx_word' id='word_1_138' title='bbox 591 1598 706 1625; x_wconf 87' lang='lat' dir='ltr'><strong>nunc</strong></span> <span class='ocrx_word' id='word_1_139' title='bbox 730 1581 827 1624; x_wconf 86' lang='lat' dir='ltr'><strong>fidei</strong></span> <span class='ocrx_word' id='word_1_140' title='bbox 862 1598 956 1624; x_wconf 89' lang='lat' dir='ltr'><strong>rore</strong></span> <span class='ocrx_word' id='word_1_141' title='bbox 988 1591 1097 1624; x_wconf 87' lang='lat' dir='ltr'><strong>totus</strong></span> <span class='ocrx_word' id='word_1_142' title='bbox 1125 1583 1238 1624; x_wconf 87' lang='lat' dir='ltr'><strong>orbis</strong></span> <span class='ocrx_word' id='word_1_143' title='bbox 1269 1583 1508 1625; x_wconf 87' lang='lat' dir='ltr'><strong>humescit:</strong></span> <span class='ocrx_word' id='word_1_144' title='bbox 1541 1591 1580 1625; x_wconf 82' lang='lat' dir='ltr'><strong>at</strong></span> <span class='ocrx_word' id='word_1_145' title='bbox 1611 1598 1708 1625; x_wconf 80' lang='lat' dir='ltr'><strong>vero</strong></span> 
     </span>
     <span class='ocr_line' id='line_1_20' title="bbox 359 1652 1521 1711; baseline -0.002 -16"><span class='ocrx_word' id='word_1_146' title='bbox 359 1652 495 1695; x_wconf 80' lang='lat' dir='ltr'><strong>Judaei</strong></span> <span class='ocrx_word' id='word_1_147' title='bbox 523 1653 753 1711; x_wconf 85' lang='lat' dir='ltr'><strong>Prophetas</strong></span> <span class='ocrx_word' id='word_1_148' title='bbox 771 1667 866 1695; x_wconf 85' lang='lat' dir='ltr'><strong>snos</strong></span> <span class='ocrx_word' id='word_1_149' title='bbox 888 1661 929 1695; x_wconf 88' lang='lat' dir='ltr'><strong>et</strong></span> <span class='ocrx_word' id='word_1_150' title='bbox 954 1653 1213 1695; x_wconf 83' lang='lat' dir='ltr'><strong>consiliarios</strong></span> <span class='ocrx_word' id='word_1_151' title='bbox 1232 1653 1521 1710; x_wconf 85' lang='lat' dir='ltr'><strong>perdiderunt.</strong></span> 
     </span>
    </p>

    <p class='ocr_par' dir='ltr' id='par_1_4' title="bbox 359 1722 1767 2557">
     <span class='ocr_line' id='line_1_21' title="bbox 419 1722 1710 1780; baseline -0.002 -14"><span class='ocrx_word' id='word_1_152' title='bbox 419 1722 530 1766; x_wconf 88' lang='lat' dir='ltr'><strong>VIII.</strong></span> <span class='ocrx_word' id='word_1_153' title='bbox 569 1724 654 1766; x_wconf 88' lang='lat' dir='ltr'><strong>Nee</strong></span> <span class='ocrx_word' id='word_1_154' title='bbox 679 1723 832 1765; x_wconf 88' lang='lat' dir='ltr'><strong>mirum</strong></span> <span class='ocrx_word' id='word_1_155' title='bbox 853 1723 883 1765; x_wconf 91' lang='lat' dir='ltr'><strong>si</strong></span> <span class='ocrx_word' id='word_1_156' title='bbox 907 1722 1092 1780; x_wconf 76' lang='lat' dir='ltr'><strong>perfidiae</strong></span> <span class='ocrx_word' id='word_1_157' title='bbox 1121 1723 1299 1764; x_wconf 82' lang='lat' dir='ltr'><strong>subeant</strong></span> <span class='ocrx_word' id='word_1_158' title='bbox 1325 1722 1556 1764; x_wconf 87' lang='lat' dir='ltr'><strong>siccitatem</strong></span> <span class='ocrx_word' id='word_1_159' title='bbox 1573 1754 1583 1770; x_wconf 94' lang='lat'><strong><em>,</em></strong></span> <span class='ocrx_word' id='word_1_160' title='bbox 1607 1735 1710 1778; x_wconf 85' lang='lat' dir='ltr'><strong>quos</strong></span> 
     </span>
     <span class='ocr_line' id='line_1_22' title="bbox 359 1791 1710 1850; baseline -0.004 -13"><span class='ocrx_word' id='word_1_161' title='bbox 359 1793 563 1837; x_wconf 84' lang='lat' dir='ltr'><strong>Dominus</strong></span> <span class='ocrx_word' id='word_1_162' title='bbox 600 1793 713 1835; x_wconf 87' lang='lat' dir='ltr'><strong>Deus</strong></span> <span class='ocrx_word' id='word_1_163' title='bbox 751 1792 987 1850; x_wconf 86' lang='lat' dir='ltr'><strong>prophetici</strong></span> <span class='ocrx_word' id='word_1_164' title='bbox 1029 1791 1173 1833; x_wconf 86' lang='lat' dir='ltr'><strong>imbris</strong></span> <span class='ocrx_word' id='word_1_165' title='bbox 1207 1792 1400 1833; x_wconf 83' lang='lat' dir='ltr'><strong>ubertate</strong></span> <span class='ocrx_word' id='word_1_166' title='bbox 1426 1791 1710 1848; x_wconf 83' lang='lat' dir='ltr'><strong>privavit,di-</strong></span> 
     </span>
     <span class='ocr_line' id='line_1_23' title="bbox 359 1860 1766 1918; baseline -0.004 -12"><span class='ocrx_word' id='word_1_167' title='bbox 359 1868 486 1906; x_wconf 82' lang='lat' dir='ltr'><strong>cens:</strong></span> <span class='ocrx_word' id='word_1_168' title='bbox 514 1881 529 1902; x_wconf 77' lang='lat' dir='ltr'><strong>(t</strong></span> <span class='ocrx_word' id='word_1_169' title='bbox 550 1864 758 1906; x_wconf 80' lang='lat' dir='ltr'><strong>Mandabo</strong></span> <span class='ocrx_word' id='word_1_170' title='bbox 787 1863 970 1904; x_wconf 89' lang='lat' dir='ltr'><strong>nubibus</strong></span> <span class='ocrx_word' id='word_1_171' title='bbox 994 1862 1097 1903; x_wconf 89' lang='lat' dir='ltr'><strong>meis</strong></span> <span class='ocrx_word' id='word_1_172' title='bbox 1133 1877 1184 1903; x_wconf 88' lang='lat' dir='ltr'><strong>ne</strong></span> <span class='ocrx_word' id='word_1_173' title='bbox 1217 1863 1362 1918; x_wconf 88' lang='lat' dir='ltr'><strong>pluant</strong></span> <span class='ocrx_word' id='word_1_174' title='bbox 1388 1876 1511 1918; x_wconf 88' lang='lat' dir='ltr'><strong>super</strong></span> <span class='ocrx_word' id='word_1_175' title='bbox 1548 1860 1710 1902; x_wconf 88' lang='lat' dir='ltr'><strong>vineam</strong></span> <span class='ocrx_word' id='word_1_176' title='bbox 1764 1870 1766 1873; x_wconf 82' lang='grc'>’</span> 
     </span>
     <span class='ocr_line' id='line_1_24' title="bbox 362 1930 1709 1989; baseline -0.003 -15"><span class='ocrx_word' id='word_1_177' title='bbox 362 1934 554 1976; x_wconf 78' lang='lat' dir='ltr'><strong>»istam⁵.</strong></span> <span class='ocrx_word' id='word_1_178' title='bbox 584 1952 598 1972; x_wconf 75' lang='lat' dir='ltr'><em>n</em></span> <span class='ocrx_word' id='word_1_179' title='bbox 620 1934 694 1975; x_wconf 82' lang='lat' dir='ltr'><strong>Est</strong></span> <span class='ocrx_word' id='word_1_180' title='bbox 728 1933 839 1975; x_wconf 86' lang='lat' dir='ltr'><strong>enim</strong></span> <span class='ocrx_word' id='word_1_181' title='bbox 873 1931 1131 1989; x_wconf 55' lang='lat' dir='ltr'><strong>propheticae</strong></span> <span class='ocrx_word' id='word_1_182' title='bbox 1161 1931 1282 1973; x_wconf 82' lang='lat' dir='ltr'><strong>nubis</strong></span> <span class='ocrx_word' id='word_1_183' title='bbox 1314 1931 1452 1988; x_wconf 86' lang='lat' dir='ltr'><strong>pluvia</strong></span> <span class='ocrx_word' id='word_1_184' title='bbox 1496 1930 1709 1978; x_wconf 87' lang='lat' dir='ltr'><strong>salutaris,</strong></span> 
     </span>
     <span class='ocr_line' id='line_1_25' title="bbox 360 2000 1708 2058; baseline -0.004 -12"><span class='ocrx_word' id='word_1_185' title='bbox 360 2005 466 2046; x_wconf 82' lang='lat' dir='ltr'><strong>sieut</strong></span> <span class='ocrx_word' id='word_1_186' title='bbox 492 2013 533 2046; x_wconf 88' lang='lat' dir='ltr'><strong>et</strong></span> <span class='ocrx_word' id='word_1_187' title='bbox 559 2004 690 2046; x_wconf 88' lang='lat' dir='ltr'><strong>David</strong></span> <span class='ocrx_word' id='word_1_188' title='bbox 722 2003 851 2045; x_wconf 82' lang='lat' dir='ltr'><strong>dixit:</strong></span> <span class='ocrx_word' id='word_1_189' title='bbox 880 2002 1140 2044; x_wconf 86' lang='lat' dir='ltr'><strong>«Descendit</strong></span> <span class='ocrx_word' id='word_1_190' title='bbox 1174 2002 1282 2043; x_wconf 88' lang='lat' dir='ltr'><strong>sieut</strong></span> <span class='ocrx_word' id='word_1_191' title='bbox 1319 2000 1456 2058; x_wconf 88' lang='lat' dir='ltr'><strong>pluvia</strong></span> <span class='ocrx_word' id='word_1_192' title='bbox 1487 2000 1527 2041; x_wconf 91' lang='lat' dir='ltr'><strong>in</strong></span> <span class='ocrx_word' id='word_1_193' title='bbox 1551 2000 1680 2041; x_wconf 89' lang='lat' dir='ltr'><strong>vellus</strong></span> <span class='ocrx_word' id='word_1_194' title='bbox 1698 2031 1708 2046; x_wconf 90' lang='lat'>‚</span> 
     </span>
     <span class='ocr_line' id='line_1_26' title="bbox 361 2069 1709 2129; baseline -0.004 -15"><span class='ocrx_word' id='word_1_195' title='bbox 361 2095 375 2113; x_wconf 76' lang='lat' dir='ltr'><em>n</em></span> <span class='ocrx_word' id='word_1_196' title='bbox 392 2083 433 2116; x_wconf 86' lang='lat' dir='ltr'><strong>et</strong></span> <span class='ocrx_word' id='word_1_197' title='bbox 454 2075 562 2116; x_wconf 87' lang='lat' dir='ltr'><strong>sicut</strong></span> <span class='ocrx_word' id='word_1_198' title='bbox 585 2073 792 2116; x_wconf 84' lang='lat' dir='ltr'><strong>stillicidia</strong></span> <span class='ocrx_word' id='word_1_199' title='bbox 816 2073 1010 2115; x_wconf 83' lang='lat' dir='ltr'><strong>stillantia</strong></span> <span class='ocrx_word' id='word_1_200' title='bbox 1036 2087 1161 2129; x_wconf 85' lang='lat' dir='ltr'><strong>super</strong></span> <span class='ocrx_word' id='word_1_201' title='bbox 1184 2071 1377 2113; x_wconf 67' lang='lat' dir='ltr'><strong>terra1n⁶.</strong></span> <span class='ocrx_word' id='word_1_202' title='bbox 1401 2089 1416 2108; x_wconf 88' lang='lat'>»</span> <span class='ocrx_word' id='word_1_203' title='bbox 1440 2070 1555 2111; x_wconf 86' lang='lat' dir='ltr'><strong>Hanc</strong></span> <span class='ocrx_word' id='word_1_204' title='bbox 1589 2069 1709 2110; x_wconf 90' lang='lat' dir='ltr'><strong>nobis</strong></span> 
     </span>
     <span class='ocr_line' id='line_1_27' title="bbox 361 2140 1766 2203; baseline -0.006 -15"><span class='ocrx_word' id='word_1_205' title='bbox 361 2146 589 2203; x_wconf 81' lang='lat' dir='ltr'><strong>Scripturae</strong></span> <span class='ocrx_word' id='word_1_206' title='bbox 624 2145 771 2186; x_wconf 79' lang='lat' dir='ltr'><strong>divinae</strong></span> <span class='ocrx_word' id='word_1_207' title='bbox 814 2144 941 2186; x_wconf 86' lang='lat' dir='ltr'><strong>totius</strong></span> <span class='ocrx_word' id='word_1_208' title='bbox 978 2143 1123 2184; x_wconf 88' lang='lat' dir='ltr'><strong>mnndi</strong></span> <span class='ocrx_word' id='word_1_209' title='bbox 1161 2142 1344 2199; x_wconf 87' lang='lat' dir='ltr'><strong>pluviam</strong></span> <span class='ocrx_word' id='word_1_210' title='bbox 1382 2140 1708 2198; x_wconf 81' lang='lat' dir='ltr'><strong>pollicebantur,</strong></span> <span class='ocrx_word' id='word_1_211' title='bbox 1761 2189 1766 2199; x_wconf 11' lang='grc' dir='ltr'><strong><em>Ἀ</em></strong></span> 
     </span>
     <span class='ocr_line' id='line_1_28' title="bbox 363 2208 1711 2273; baseline -0.006 -16"><span class='ocrx_word' id='word_1_212' title='bbox 363 2232 454 2272; x_wconf 55' lang='lat' dir='ltr'><strong>quae</strong></span> <span class='ocrx_word' id='word_1_213' title='bbox 478 2217 630 2273; x_wconf 79' lang='lat' dir='ltr'><strong>rigaret</strong></span> <span class='ocrx_word' id='word_1_214' title='bbox 652 2215 797 2257; x_wconf 79' lang='lat' dir='ltr'><strong>orbem</strong></span> <span class='ocrx_word' id='word_1_215' title='bbox 822 2215 897 2256; x_wconf 89' lang='lat' dir='ltr'><strong>sub</strong></span> <span class='ocrx_word' id='word_1_216' title='bbox 922 2213 1092 2255; x_wconf 90' lang='lat' dir='ltr'><strong>Domini</strong></span> <span class='ocrx_word' id='word_1_217' title='bbox 1120 2211 1345 2253; x_wconf 83' lang='lat' dir='ltr'><strong>Salvatoris</strong></span> <span class='ocrx_word' id='word_1_218' title='bbox 1376 2211 1556 2252; x_wconf 81' lang='lat' dir='ltr'><strong>adventu</strong></span> <span class='ocrx_word' id='word_1_219' title='bbox 1584 2208 1711 2266; x_wconf 85' lang='lat' dir='ltr'><strong>Spiri-</strong></span> 
     </span>
     <span class='ocr_line' id='line_1_29' title="bbox 361 2279 1710 2340; baseline -0.007 -12"><span class='ocrx_word' id='word_1_220' title='bbox 361 2294 428 2328; x_wconf 85' lang='lat' dir='ltr'><strong>tus</strong></span> <span class='ocrx_word' id='word_1_221' title='bbox 452 2302 544 2327; x_wconf 86' lang='lat' dir='ltr'><strong>rore</strong></span> <span class='ocrx_word' id='word_1_222' title='bbox 564 2285 703 2327; x_wconf 90' lang='lat' dir='ltr'><strong>divini.</strong></span> <span class='ocrx_word' id='word_1_223' title='bbox 733 2283 858 2326; x_wconf 81' lang='lat' dir='ltr'><strong>Venit</strong></span> <span class='ocrx_word' id='word_1_224' title='bbox 876 2298 975 2340; x_wconf 76' lang='lat' dir='ltr'><strong>ergo</strong></span> <span class='ocrx_word' id='word_1_225' title='bbox 1004 2282 1087 2338; x_wconf 82' lang='lat' dir='ltr'><strong>jam</strong></span> <span class='ocrx_word' id='word_1_226' title='bbox 1111 2281 1337 2329; x_wconf 87' lang='lat' dir='ltr'><strong>Dominus,</strong></span> <span class='ocrx_word' id='word_1_227' title='bbox 1368 2280 1481 2322; x_wconf 86' lang='lat' dir='ltr'><strong>venit</strong></span> <span class='ocrx_word' id='word_1_228' title='bbox 1497 2289 1537 2320; x_wconf 89' lang='lat' dir='ltr'><strong>et</strong></span> <span class='ocrx_word' id='word_1_229' title='bbox 1556 2279 1710 2336; x_wconf 85' lang='lat' dir='ltr'><strong>pluvia,</strong></span> 
     </span>
     <span class='ocr_line' id='line_1_30' title="bbox 363 2349 1766 2403; baseline -0.007 -5"><span class='ocrx_word' id='word_1_230' title='bbox 363 2356 476 2398; x_wconf 77' lang='lat' dir='ltr'><strong>venit</strong></span> <span class='ocrx_word' id='word_1_231' title='bbox 501 2355 705 2397; x_wconf 89' lang='lat' dir='ltr'><strong>Dominus</strong></span> <span class='ocrx_word' id='word_1_232' title='bbox 720 2353 926 2395; x_wconf 85' lang='lat' dir='ltr'><strong>stillicidia</strong></span> <span class='ocrx_word' id='word_1_233' title='bbox 950 2366 1092 2394; x_wconf 84' lang='lat' dir='ltr'><strong>secum</strong></span> <span class='ocrx_word' id='word_1_234' title='bbox 1112 2351 1293 2393; x_wconf 83' lang='lat' dir='ltr'><strong>eoelestia</strong></span> <span class='ocrx_word' id='word_1_235' title='bbox 1313 2350 1529 2397; x_wconf 81' lang='lat' dir='ltr'><strong>deferens;</strong></span> <span class='ocrx_word' id='word_1_236' title='bbox 1563 2349 1710 2390; x_wconf 88' lang='lat' dir='ltr'><strong>etideo</strong></span> <span class='ocrx_word' id='word_1_237' title='bbox 1762 2370 1766 2403; x_wconf 83' lang='lat'><strong>&#39;.</strong></span> 
     </span>
     <span class='ocr_line' id='line_1_31' title="bbox 363 2406 1767 2484; baseline -0.006 -16"><span class='ocrx_word' id='word_1_238' title='bbox 363 2427 447 2484; x_wconf 85' lang='lat' dir='ltr'><strong>jam</strong></span> <span class='ocrx_word' id='word_1_239' title='bbox 481 2442 555 2468; x_wconf 91' lang='lat' dir='ltr'><strong>nos</strong></span> <span class='ocrx_word' id='word_1_240' title='bbox 588 2426 768 2467; x_wconf 86' lang='lat' dir='ltr'><strong>bibimus</strong></span> <span class='ocrx_word' id='word_1_241' title='bbox 786 2458 794 2473; x_wconf 91' lang='lat'>‚</span> <span class='ocrx_word' id='word_1_242' title='bbox 825 2424 894 2480; x_wconf 87' lang='lat' dir='ltr'><strong>qui</strong></span> <span class='ocrx_word' id='word_1_243' title='bbox 918 2432 1013 2465; x_wconf 84' lang='lat' dir='ltr'><strong>ante</strong></span> <span class='ocrx_word' id='word_1_244' title='bbox 1029 2422 1296 2469; x_wconf 86' lang='lat' dir='ltr'><strong>sitiebamus,</strong></span> <span class='ocrx_word' id='word_1_245' title='bbox 1326 2429 1366 2462; x_wconf 88' lang='lat' dir='ltr'><strong>et</strong></span> <span class='ocrx_word' id='word_1_246' title='bbox 1386 2420 1571 2462; x_wconf 89' lang='lat' dir='ltr'><strong>divinum</strong></span> <span class='ocrx_word' id='word_1_247' title='bbox 1593 2419 1711 2461; x_wconf 88' lang='lat' dir='ltr'><strong>illum</strong></span> <span class='ocrx_word' id='word_1_248' title='bbox 1764 2406 1767 2415; x_wconf 19' lang='grc' dir='ltr'><strong>λ</strong></span> 
     </span>
     <span class='ocr_line' id='line_1_32' title="bbox 363 2495 1180 2557; baseline -0.007 -17"><span class='ocrx_word' id='word_1_249' title='bbox 363 2499 565 2557; x_wconf 84' lang='lat' dir='ltr'><strong>Spiritum</strong></span> <span class='ocrx_word' id='word_1_250' title='bbox 587 2497 739 2539; x_wconf 60' lang='lat' dir='ltr'><strong>&#39;haustu</strong></span> <span class='ocrx_word' id='word_1_251' title='bbox 759 2495 955 2538; x_wconf 88' lang='lat' dir='ltr'><strong>interiore</strong></span> <span class='ocrx_word' id='word_1_252' title='bbox 975 2501 1180 2551; x_wconf 87' lang='lat' dir='ltr'><strong>potamus.</strong></span> 
     </span>
    </p>
   </div>
   <div class='ocr_carea' id='block_1_3' title="bbox 364 2593 1709 2696">
    <p class='ocr_par' dir='ltr' id='par_1_5' title="bbox 364 2593 1709 2696">
     <span class='ocr_line' id='line_1_33' title="bbox 411 2593 1709 2637; baseline -0.006 -3"><span class='ocrx_word' id='word_1_253' title='bbox 411 2612 418 2626; x_wconf 89' lang='lat'><strong>¹</strong></span> <span class='ocrx_word' id='word_1_254' title='bbox 438 2603 533 2634; x_wconf 78' lang='lat' dir='ltr'><strong>Deut.</strong></span> <span class='ocrx_word' id='word_1_255' title='bbox 555 2612 654 2635; x_wconf 60' lang='lat' dir='ltr'><strong>mxu.</strong></span> <span class='ocrx_word' id='word_1_256' title='bbox 671 2612 698 2631; x_wconf 84' lang='lat'><strong>2.</strong></span> <span class='ocrx_word' id='word_1_257' title='bbox 719 2618 757 2623; x_wconf 91' lang='lat'><strong>—</strong></span> <span class='ocrx_word' id='word_1_258' title='bbox 774 2609 785 2623; x_wconf 83' lang='lat'>¹</span> <span class='ocrx_word' id='word_1_259' title='bbox 807 2598 923 2630; x_wconf 58' lang='lat' dir='ltr'><strong>Mattln</strong></span> <span class='ocrx_word' id='word_1_260' title='bbox 941 2608 993 2637; x_wconf 79' lang='lat' dir='ltr'><strong>xv,</strong></span> <span class='ocrx_word' id='word_1_261' title='bbox 1013 2597 1064 2636; x_wconf 69' lang='lat'><strong>24.</strong></span> <span class='ocrx_word' id='word_1_262' title='bbox 1086 2613 1124 2622; x_wconf 91' lang='lat'><em>-</em></span> <span class='ocrx_word' id='word_1_263' title='bbox 1139 2598 1151 2622; x_wconf 79' lang='lat'>³</span> <span class='ocrx_word' id='word_1_264' title='bbox 1169 2597 1292 2629; x_wconf 80' lang='lat' dir='ltr'><strong>Jerem.</strong></span> <span class='ocrx_word' id='word_1_265' title='bbox 1308 2606 1346 2635; x_wconf 83' lang='lat'><strong>11,</strong></span> <span class='ocrx_word' id='word_1_266' title='bbox 1369 2595 1416 2628; x_wconf 81' lang='lat'><strong>15.</strong></span> <span class='ocrx_word' id='word_1_267' title='bbox 1433 2613 1471 2619; x_wconf 93' lang='lat'>—</span> <span class='ocrx_word' id='word_1_268' title='bbox 1491 2596 1501 2623; x_wconf 70' lang='lat'><strong>4</strong></span> <span class='ocrx_word' id='word_1_269' title='bbox 1518 2593 1590 2627; x_wconf 68' lang='lat' dir='ltr'><strong>lsai.</strong></span> <span class='ocrx_word' id='word_1_270' title='bbox 1610 2603 1656 2632; x_wconf 84' lang='grc' dir='ltr'><strong><em>ιιι,</em></strong></span> <span class='ocrx_word' id='word_1_271' title='bbox 1679 2604 1709 2626; x_wconf 80' lang='lat'><strong>2.</strong></span> 
     </span>
     <span class='ocr_line' id='line_1_34' title="bbox 364 2639 1702 2696; baseline -0.009 -7"><span class='ocrx_word' id='word_1_272' title='bbox 364 2660 375 2680; x_wconf 83' lang='lat'><strong>⁵</strong></span> <span class='ocrx_word' id='word_1_273' title='bbox 396 2657 442 2689; x_wconf 86' lang='lat' dir='ltr'><strong>ld.</strong></span> <span class='ocrx_word' id='word_1_274' title='bbox 462 2667 492 2696; x_wconf 91' lang='lat' dir='ltr'><strong>v,</strong></span> <span class='ocrx_word' id='word_1_275' title='bbox 512 2656 543 2688; x_wconf 81' lang='grc' dir='ltr'><strong>(ῐ.</strong></span> <span class='ocrx_word' id='word_1_276' title='bbox 564 2673 599 2679; x_wconf 85' lang='lat'><strong>—-</strong></span> <span class='ocrx_word' id='word_1_277' title='bbox 617 2656 631 2677; x_wconf 78' lang='lat'><strong>⁶</strong></span> <span class='ocrx_word' id='word_1_278' title='bbox 649 2654 729 2688; x_wconf 69' lang='lat' dir='ltr'><strong>Psat.</strong></span> <span class='ocrx_word' id='word_1_279' title='bbox 749 2664 839 2690; x_wconf 69' lang='lat' dir='ltr'><strong>mm,</strong></span> <span class='ocrx_word' id='word_1_280' title='bbox 855 2654 887 2685; x_wconf 77' lang='lat'><strong>6.</strong></span> <span class='ocrx_word' id='word_1_281' title='bbox 1698 2639 1702 2644; x_wconf 78' lang='grc'><strong>’</strong></span> 
     </span>
    </p>
   </div>
   <div class='ocr_carea' id='block_1_4' title="bbox 1736 0 1768 2796">
    <p class='ocr_par' dir='ltr' id='par_1_6' title="bbox 1736 0 1768 2796">
     <span class='ocr_line' id='line_1_35' title="bbox 1736 0 1768 2796; baseline 0 0"><span class='ocrx_word' id='word_1_282' title='bbox 1736 0 1768 2796; x_wconf 95' lang='lat' dir='ltr'><strong> </strong></span> 
     </span>
    </p>
   </div>
  </div>
 </body>
</html>
