1768 3283
382 299 433 326 DE
468 298 628 326 sium-ru
663 297 843 332 salvere,
879 297 958 324 Liss.
998 297 1042 325 11.
1318 286 1401 342 359

54 396 68 416 ι
84 391 179 418 nem
203 374 352 416 faciem
376 384 497 416 terrae
515 375 545 417 ¹.
568 394 583 414 n
605 375 698 417 Non
723 375 859 415 solum
885 373 1010 429 igitur
1035 373 1123 415 sine
1144 373 1301 430 Spiritu
1327 377 1403 417 do-

55 446 143 489 cuit
160 460 329 487 omnem
347 454 582 487 creaturam
599 454 709 486 stare
730 459 813 486 non
842 458 984 500 posse,
1009 444 1084 485 sed
1102 444 1226 486 etiam
1245 454 1403 487 creato-

57 530 144 557 rem
166 514 294 557 totius
315 530 404 555 esse
427 514 629 571 Spiritum
652 522 867 555 creaturae.

115 583 314 628 XXXIV.
353 584 402 625 Et
422 584 515 640 quis
547 592 670 640 neget
693 597 795 639 opus
821 597 909 624 esse
940 583 1120 639 Spiritus
1141 583 1269 625 sancti
1293 585 1408 639 quod

59 661 196 695 creata
225 661 287 694 est
309 660 442 700 terra,
470 652 590 708 cujus
618 668 722 711 opus
755 661 816 694 est
851 654 964 707 quod
994 653 1201 696 novatur?
1237 653 1341 696 Nam
1376 652 1409 692 si

59 736 211 779 negare
241 721 414 778 cupiant
445 723 559 777 quod
590 737 667 778 per
697 721 899 778 Spiritum
932 722 985 764 sit
1010 732 1172 769 creata;
1207 737 1304 763 cum
1337 737 1410 778 per

59 791 262 850 Spiritum
296 793 532 834 novandam
570 805 724 847 negare
755 805 839 830 non
861 791 1045 847 possint;
1068 792 1286 832 meliorem
1308 806 1408 847 ergo

62 861 347 917 operationem
378 861 557 917 Spiritus
589 859 748 906 sancti,
781 874 908 915 quam
943 859 1074 902 Patris
1106 868 1148 901 et
1182 860 1305 909 Filii,
1340 861 1411 916 qui

65 931 241 988 cupiunt
259 945 476 986 separare,
498 932 724 972 defendent
746 944 754 969 :
782 930 897 985 quod
919 929 1117 971 abhorret
1144 945 1165 972 a
1194 946 1317 978 vero;
1345 946 1413 972 ne-

65 1016 147 1058 que
176 1000 288 1044 enim
316 1000 491 1042 dubium
523 1010 585 1042 est
616 1001 729 1056 quod
761 1008 908 1041 novata
947 1009 1059 1042 terra
1092 1001 1256 1049 melior,
1288 1016 1413 1057 quam

65 1081 206 1114 creata
235 1071 301 1113 sit.
338 1072 422 1112 Aut
458 1072 488 1113 si
514 1071 651 1128 primo
683 1071 773 1112 sine
798 1071 1041 1127 operatione
1073 1071 1253 1128 Spiritus
1283 1073 1416 1114 sancti

65 1150 219 1184 terram
249 1142 372 1183 Pater
398 1141 496 1182 fecit
523 1150 564 1182 et
587 1141 745 1182 Filius:
769 1149 915 1197 postea
939 1156 1037 1183 vero
1072 1141 1250 1198 Spiritus
1282 1144 1415 1184 sancti

66 1211 252 1268 operatio
271 1211 572 1267 copulabatur;
602 1211 812 1252 videbitur
838 1211 880 1252 id
900 1213 1014 1267 quod
1037 1212 1194 1254 factum
1218 1221 1301 1261 est,
1325 1213 1417 1270 ejus

65 1282 179 1338 quod
196 1269 369 1322 accessit
387 1282 548 1337 eguisse
566 1281 769 1337 praesidio.
794 1280 877 1322 Sed
900 1282 1005 1322 absit
1025 1290 1066 1322 ut
1093 1283 1177 1323 hoc
1195 1283 1416 1339 quisquam

66 1350 296 1398 existimet,
326 1358 370 1391 ut
397 1351 583 1406 operatio
608 1350 746 1391 divina
768 1351 1010 1393 varietatem
1034 1353 1235 1398 creatoris
1252 1386 1262 1402 ,
1287 1368 1414 1409 quam

65 1418 317 1461 Manichacus
334 1419 497 1461 inducit
515 1451 525 1467 ,
544 1419 702 1460 habere
723 1421 932 1462 credatur.

121 1488 300 1533 XXXV.
333 1489 398 1530 An
421 1504 519 1530 vero
539 1489 627 1530 sine
645 1504 771 1546 opere
785 1490 964 1547 Spiritus
983 1492 1113 1533 sancti
1137 1493 1415 1538 substantiam

65 1566 258 1616 putamus
281 1573 369 1599 esse
394 1567 625 1604 terrarum,
655 1560 742 1598 siue
771 1560 892 1614 cujus
925 1576 1051 1616 opere
1084 1577 1162 1603 nec
1193 1564 1290 1605 coeli
1312 1579 1416 1605 cou-

67 1643 164 1669 vexa
184 1627 441 1669 subsistunt?
461 1626 675 1684 Scriptum
695 1637 756 1669 est
774 1631 886 1670 enim
908 1644 916 1669 :
946 1648 960 1667 «
984 1630 1117 1672 verbo
1136 1633 1301 1675 Domini
1322 1636 1418 1677 coeli

68 1716 82 1736 n
97 1696 249 1739 firmati
272 1706 391 1745 sunt,
411 1707 452 1740 et
472 1697 632 1754 Spiritu
651 1699 733 1739 oris
755 1699 846 1754 ejus
870 1701 1005 1741 omnis
1023 1702 1152 1743 virtus
1171 1718 1317 1745 eorum
1333 1704 1360 1746 ².
1390 1724 1406 1744 ι»

69 1767 251 1809 Adverte
278 1769 380 1825 quid
409 1768 549 1808 dicat:
579 1768 781 1816 Omnem,
806 1769 964 1824 iuquit,
989 1771 1184 1813 virtutem
1208 1776 1415 1816 coelorum

70 1837 121 1879 ad
142 1836 344 1895 Spiritum
365 1852 453 1879 esse
474 1837 752 1880 referendam.
776 1840 858 1890 Qui
881 1841 993 1880 euim
1028 1843 1390 1897 superferebatur³
1404 1881 1413 1896 ,

71 1917 292 1966 antequam
324 1917 432 1950 terra
459 1906 600 1956 fieret,
634 1911 846 1965 quomodo
871 1924 968 1951 cum
988 1919 1100 1953 terra
1127 1911 1268 1962 fieret,
1288 1916 1410 1958 feria—

71 1978 224 2021 batur?

127 2047 326 2091 XXXVI.
365 2048 551 2090 Gentiles
570 2047 758 2089 homines
775 2064 850 2105 per
869 2050 1061 2092 umbram
1080 2055 1304 2108 quamdam
1324 2072 1415 2099 nos-

72 2129 156 2162 tros
180 2119 310 2161 secuti
337 2120 452 2175 (28),
477 2118 571 2174 quia
597 2120 812 2161 veritatem
836 2119 1015 2177 Spiritus
1037 2122 1207 2166 haurire
1229 2141 1312 2167 non
1340 2143 1416 2184 po-

74 2199 225 2238 terant,
244 2191 360 2247 quod
378 2191 530 2231 coelum
554 2205 602 2231 ac
626 2199 772 2237 terras,
800 2192 912 2232 lunae
929 2207 1096 2249 quoque
1118 2197 1417 2254 stellarumque

72 2261 317 2303 micantium
339 2261 486 2318 globos
508 2260 685 2318 Spiritus
707 2262 819 2303 intus
844 2263 950 2310 alat,
980 2264 1063 2306 suis
1093 2267 1281 2309 versibus
1307 2269 1417 2312 indi-

73 2332 235 2373 derunt.
285 2331 392 2388 Ergo
434 2331 492 2373 illi
530 2347 604 2388 per
638 2332 841 2389 Spiritum
883 2349 967 2375 non
1014 2346 1172 2392 negant
1216 2338 1416 2384 virtutem

74 2401 298 2443 subsistere
329 2410 556 2443 creaturae:
580 2417 655 2443 nos
684 2403 754 2458 qui
787 2403 992 2460 legimus,
1024 2406 1311 2464 denegamus?
1334 2411 1418 2454 Sed

74 2469 247 2512 flatilem
269 2471 423 2527 putatis
445 2472 589 2514 abillis
606 2472 798 2529 spiritum
825 2474 1100 2531 designatum.
1127 2477 1172 2518 Si
1188 2479 1245 2520 illi
1269 2483 1417 2522 aucto-

123 2580 130 2594 ¹
151 2573 231 2606 Psal.
250 2583 322 2612 αιιι,
342 2585 390 2616 ²9·
409 2575 460 2605 50.
475 2592 514 2599 —
533 2586 544 2600 ⁸
564 2575 614 2608 ld.
636 2588 736 2614 xxxii,
754 2577 786 2609 6.
810 2595 840 2601 -—
869 2579 883 2601 ³
901 2578 984 2610 Gen.
1001 2590 1025 2618 ι,
1045 2590 1074 2610 2.
