1806 3256
525 326 576 353 nn
611 325 722 363 rme,
756 327 834 354 Lm.
875 326 902 354 1.
1341 312 1398 364 45

54 419 101 447 ea
121 402 274 461 quibus
294 402 506 446 Christum
531 412 769 460 negaverat,
790 403 898 445 sceda
917 418 988 446 ora
1009 403 1208 461 pollutus.
1233 403 1405 463 Crepuit

55 474 192 521 enim,
216 473 324 515 sicut
345 473 470 516 otiam
503 474 553 515 de
586 473 695 515 Juda
729 473 877 517 Petrus
903 474 1118 531 apostolus
1149 472 1273 521 dixit,
1308 473 1403 530 quia

54 544 237 602 possedit
260 559 404 602 agrum
433 545 484 586 de
507 545 702 586 mercede
724 544 936 601 injustitiae
956 576 966 593 ‚
991 543 1089 587 etin
1114 544 1261 586 faciem
1286 560 1405 602 pros-

57 623 188 658 tratus
209 615 374 672 crepuit
400 615 586 666 medius,
608 623 650 657 et
667 615 798 658 effusa
819 624 917 658 sunt
939 616 1078 658 omnia
1098 616 1255 658 viscera
1269 615 1400 672 ejus’.

57 685 148 729 Non
172 694 234 727 cst
257 685 427 727 fortuita
449 701 560 728 mors
576 718 585 734 ,
611 685 684 726 ubi
707 684 749 726 in
768 684 985 742 sacrilegio
1001 685 1088 742 pari
1111 700 1243 742 poenae
1264 685 1406 742 parilis

57 755 261 814 processit
297 757 564 812 exemplum;
603 764 646 797 ut
676 755 784 797 idem
818 755 1007 797 subirent
1037 755 1295 815 *supplicium
1338 756 1409 813 qui

57 829 254 869 eumdem
277 827 506 868 Dominum
531 835 804 883 negaverunt,
823 835 864 869 et
880 825 951 883 qui
967 828 1164 868 eumdem
1183 826 1412 871 Dominum

58 896 349 955 prodiderunt.

120 967 295 1010 CXXV.
332 966 560 1009 Veniamus
597 967 649 1009 ad
683 967 773 1009 alia.
811 966 957 1010 Arrius
994 967 1095 1010 dicit
1128 982 1137 1009 z
1175 968 1413 1025 Antequam

61 1046 320 1086 nasceretur,
349 1052 435 1079 non
463 1046 580 1079 erat:
610 1039 681 1079 sed
701 1038 919 1095 Scriptura
943 1037 1045 1080 dicit
1066 1038 1206 1080 omnia
1223 1054 1312 1081 esse
1340 1055 1415 1097 per

61 1107 229 1150 Filium.
263 1108 491 1159 Quomodo
526 1122 625 1163 ergo
661 1108 750 1148 aliis
783 1109 899 1149 dedit
937 1123 1049 1156 csse,
1082 1108 1259 1165 quinon
1297 1111 1416 1152 erat?

64 1177 171 1218 Cum
196 1185 336 1218 autem
359 1176 464 1218 dicit
483 1176 651 1232 impius,
671 1177 838 1233 quando
864 1186 905 1219 et
922 1186 1034 1226 ante,
1059 1178 1146 1219 haec
1167 1179 1311 1235 utique
1334 1180 1418 1222 duo

62 1247 189 1288 verba
220 1255 385 1302 tempus
413 1248 656 1288 ostendunt.
694 1247 922 1297 Quomodo
949 1263 1049 1304 ergo
1077 1257 1229 1305 negant
1252 1257 1418 1307 tempus

64 1325 162 1360 ante
187 1317 362 1366 Filium,
402 1325 441 1358 ct
467 1318 614 1358 volunt
634 1317 748 1374 prius
773 1317 899 1360 fuisse
928 1333 1020 1375 quae
1059 1319 1256 1376 temporis
1289 1329 1415 1363 sunt:

67 1402 165 1429 cum
186 1387 392 1444 idipsum,
426 1388 592 1443 quando
617 1395 658 1428 et
680 1395 800 1435 ante,
830 1396 871 1429 et
901 1388 1124 1445 aliquando
1153 1404 1237 1431 non
1267 1388 1416 1439 fuisse,

67 1457 118 1499 sit
141 1457 375 1514 temporis?

128 1527 319 1570 CXXVI.
333 1526 478 1569 Arrius
491 1527 593 1569 dicit
606 1542 655 1569 ex
664 1527 795 1569 nihilo
814 1527 886 1570 Dei
900 1527 1068 1570 Filium.
1080 1528 1305 1580 Quomodo
1319 1543 1418 1587 ergo

67 1595 141 1640 Dei
158 1596 314 1640 Filius?
332 1598 545 1655 quomodo
560 1606 735 1655 paterno
748 1607 970 1656 generatus
982 1613 1032 1640 ex
1045 1607 1164 1641 utero
1178 1599 1197 1641 Ξ)
1209 1601 1422 1656 quomodo

69 1675 306 1710 eructatum
335 1683 384 1709 ex
411 1668 540 1710 cordo
561 1668 749 1711 Verbum
774 1669 969 1726 legitur²,
990 1669 1067 1711 nisi
1085 1678 1132 1712 ut
1151 1685 1201 1712 ex
1218 1670 1366 1712 intimo
1383 1678 1426 1713 et

70 1737 346 1779 inaestimabili
369 1737 498 1780 Patris
523 1738 790 1795 intelligatur,
817 1748 864 1781 ut
887 1739 1091 1796 scriptum
1113 1748 1198 1788 est,
1219 1739 1423 1797 prodiisse

60 1807 263 1850 secreto?
293 1808 423 1850 Filius
445 1808 557 1850 enim
583 1817 652 1850 aut
677 1825 750 1867 per
777 1810 1072 1867 adoptionem,
1102 1819 1174 1853 aut
1198 1826 1274 1868 per
1300 1819 1426 1854 natu-

75 1892 165 1919 ram
187 1887 250 1921 est
270 1893 280 1920 ε
304 1894 378 1935 per
401 1879 667 1937 adoptionem
692 1895 765 1922 nos
790 1879 863 1922 filii
888 1879 1112 1931 dicimur³‚
1136 1881 1204 1923 ille
1227 1897 1302 1939 per
1323 1882 1427 1925 veri-

77 1957 206 1991 tatem
236 1957 396 1991 natura>
424 1958 499 1992 est.
535 1951 762 2002 Quomodo
794 1966 892 2009 ergo
926 1966 977 1994 ex
1008 1951 1140 1994 nihilo
1164 1951 1260 2003 ille,
1281 1953 1350 2010 qui
1377 1967 1428 1996 ex

78 2020 210 2062 nihilo
230 2020 330 2062 fecit
352 2020 521 2062 omnia?

141 2088 351 2131 CXXVII.
390 2090 480 2132 Non
506 2090 635 2132 habet
650 2090 803 2133 Filium
820 2123 831 2141 ‚
862 2091 931 2148 qui
963 2091 1095 2134 nescit
1118 2091 1229 2134 unde
1257 2092 1321 2134 sit.
1343 2092 1428 2136 De-

80 2158 208 2216 nique
239 2174 316 2201 nec
342 2158 478 2201 Judaei
512 2159 725 2202 habebant
744 2160 921 2210 Filium,
951 2160 1045 2217 quia
1072 2162 1183 2203 unde
1205 2169 1312 2203 esset
1331 2177 1429 2204 nes·

82 2230 262 2272 ciebant.
284 2229 337 2270 Et
353 2229 447 2271 ideo
465 2229 567 2271 dixit
585 2229 647 2272 his
661 2230 891 2273 Dominus:
909 2231 1111 2274 «Nescitis
1125 2234 1236 2274 unde
1253 2232 1387 2281 veni⁶3
1403 2252 1417 2272 r,

82 2309 125 2343 et
146 2300 249 2343 infra
277 2315 286 2342 z
317 2300 497 2358 «Neque
525 2316 592 2342 me
627 2302 777 2349 nostis,
813 2317 948 2358 neque
981 2302 1146 2344 Patrem
1179 2318 1319 2345 meum
1347 2304 1429 2346 sci-

85 2371 207 2414 »tis⁵.
233 2390 249 2411 »
271 2371 354 2422 Qui
379 2370 490 2412 enim
514 2379 638 2428 negat
659 2387 710 2413 ex
739 2372 859 2414 Patre
891 2372 1069 2421 Filium,
1093 2388 1173 2415 nec
1195 2374 1359 2416 Patrem
1384 2389 1435 2416 ex

86 2458 168 2499 quo
195 2449 257 2484 est
291 2440 442 2492 Filius,
475 2441 621 2482 novit:
656 2455 791 2498 neque
819 2441 972 2484 Filium
997 2443 1126 2492 novit,
1156 2443 1251 2500 quia
1268 2444 1433 2487 Patrem

87 2513 234 2556 nescit.

135 2626 142 2640 ι
166 2616 237 2648 Act.
259 2624 284 2654 ¹,
306 2615 356 2647 18.
372 2632 412 2639 -
430 2621 441 2637 ¹
463 2612 547 2647 Psal.
574 2624 662 2655 μιν,
682 2625 711 2649 2.
729 2631 768 2639 —
787 2616 802 2639 ³
826 2615 934 2648 Galat.
953 2624 997 2655 iv,
1027 2615 1059 2650 5.
1077 2633 1115 2641 -—
1137 2615 1147 2642 ⁴
1171 2615 1267 2650 Joan.
1293 2626 1366 2657 vm,
1388 2616 1435 2657 14.

87 2688 131 2698 -
151 2671 162 2692 ⁵
179 2669 264 2705 ibid.
287 2680 337 2712 19.
