1806 3256
395 227 474 269 168
933 235 962 263 s.
1004 235 1195 265 Annnosn

408 318 411 321 ’
447 316 601 360 XCIX.
642 315 724 357 Sed
757 314 825 371 qui
845 314 924 356 hoc
943 323 1204 371 proponunt.
1234 323 1275 355 et
1307 314 1562 357 obscuritate
1587 317 1733 358 volunt

392 388 603 430 involvere
636 386 854 427 veritatem
873 417 882 431 ,
912 385 1053 426 dicant
1082 384 1158 440 ipsi
1185 393 1325 424 utrum
1355 387 1641 441 temporaliter
1664 403 1736 443 ge-

392 466 514 500 neret
547 458 669 499 Pater
698 489 707 503 ,
750 470 798 496 an
845 453 1189 509 intcn‘iporaliter.
1233 454 1275 494 Si
1311 455 1420 494 onim
1449 457 1738 511 temporaliter

391 528 596 574 dixerint,
630 526 741 582 quod
772 524 877 565 Filio
921 523 1149 578 objiciunt,
1182 523 1290 564 Patri
1334 524 1563 572 ascribent3
1597 533 1642 565 ut
1673 525 1734 565 vi-

387 600 535 640 deatur
554 597 676 638 Pater
697 593 871 649 coepisse
892 608 980 634 esse
998 625 1008 640 ,
1029 593 1141 648 quod
1168 607 1250 633 non
1274 601 1362 633 erat
1387 608 1394 633 :
1423 594 1453 633 si
1478 593 1739 650 intempora-

386 670 505 714 liter,
531 666 631 721 quid
654 671 861 720 superest,
887 662 964 703 nisi
997 671 1042 703 ut
1063 662 1138 719 ipsi
1156 663 1341 711 solvant,
1367 678 1490 718 quam
1512 678 1738 719 proposue-

387 736 472 778 rint
502 735 799 792 quaestionem;
837 741 881 773 ut
913 746 1009 782 etun
1027 732 1337 788 generationem
1383 732 1513 774 Patris
1550 733 1737 775 abnuant

388 807 662 863 temporalem
680 837 690 852 ,
722 802 1033 860 generationem
1058 817 1224 858 quoque
1245 802 1336 842 Filii
1357 803 1630 859 temporalem
1650 818 1735 844 non

393 893 482 919 esse
502 874 741 918 fateantur?

449 947 493 989 C.
533 946 575 987 Si
598 960 698 1002 ergo
724 959 804 985 non
831 952 892 985 cst
916 943 1127 999 generatio
1145 943 1234 998 ejus
1253 958 1302 983 ex
1322 951 1526 999 tempore,
1545 943 1740 984 aestimari

390 1017 514 1058 datur
536 1016 648 1071 quod
681 1014 783 1054 nihil
808 1013 1066 1070 praecesscrit
1090 1022 1184 1053 ante
1208 1006 1383 1060 Filium,
1409 1013 1479 1068 qui
1505 1029 1587 1054 uon
1617 1013 1667 1054 sit
1693 1030 1740 1055 ex

388 1096 592 1142 tempore.
628 1085 670 1126 Si
699 1085 808 1125 enim
843 1083 998 1138 aliquid
1031 1090 1126 1123 ante
1148 1082 1300 1123 Filium
1319 1114 1329 1129 ,
1360 1082 1442 1131 iam
1468 1098 1548 1123 non
1582 1084 1739 1124 suntin

389 1157 479 1213 ipso
501 1163 639 1197 creata
666 1154 805 1195 omnia
826 1186 835 1201 ,
867 1169 957 1209 quse
981 1153 1047 1194 vel
1075 1153 1114 1193 in
1139 1153 1246 1194 coelo
1265 1161 1362 1193 sunt
1383 1155 1446 1194 vel
1468 1153 1507 1194 in
1534 1153 1651 1194 terris·
1668 1186 1679 1201 ,
1702 1161 1744 1194 et

390 1226 616 1283 Apostolus
639 1224 919 1281 redarguitur,
941 1223 1011 1279 qui
1030 1222 1111 1263 hoc
1130 1223 1172 1263 in
1192 1223 1375 1279 Epistola
1394 1238 1464 1264 sua
1482 1223 1739 1279 scripserit'·:

390 1296 501 1353 quod
525 1297 555 1337 si
582 1296 683 1336 nihil
706 1303 808 1339 ante,
823 1294 1138 1351 generationem
1156 1325 1165 1340 ,
1195 1308 1279 1333 non
1305 1294 1477 1334 adverto
1501 1308 1575 1334 cur
1602 1302 1743 1350 poste-

388 1367 475 1407 rior
495 1374 720 1412 asseratur,
745 1379 870 1419 qnem
896 1379 1018 1404 nemo
1057 1363 1281 1420 praeccssit.

449 1437 514 1477 CI.
555 1436 855 1476 Connectenda
883 1443 945 1475 est
987 1434 1062 1474 alia
1091 1449 1239 1474 eornm
1274 1434 1392 1489 plena
1418 1432 1641 1489 impietatis
1665 1432 1742 1473 ob-

387 1506 538 1561 jectio,
560 1520 651 1560 quae
673 1507 872 1546 latentem
891 1504 1045 1545 habeat
1069 1504 1212 1544 dolum
1230 1535 1239 1550 ,
1271 1519 1354 1558 quo
1373 1519 1517 1544 sensus
1540 1502 1739 1550 facilium,

387 1583 634 1630 mentesque
670 1575 932 1631 perstringat.
969 1574 1236 1628 Interrogant
1266 1573 1377 1613 enim
1402 1605 1411 1620 ,
1443 1581 1584 1613 utrum
1617 1586 1742 1613 omne

388 1645 502 1702 quod
533 1644 660 1685 finem
693 1645 842 1691 habet,
876 1645 1097 1699 aliqnando
1123 1643 1310 1700 coepcrit.
1352 1643 1402 1683 Et
1434 1644 1464 1684 si
1500 1643 1743 1699 acceperint

389 1717 597 1771 ejusmodi
633 1717 971 1772 responsionem,
1005 1716 1102 1771 quia
1132 1716 1244 1771 quod
1278 1714 1404 1755 finem
1433 1715 1587 1761 habet,
1617 1715 1743 1771 cmpit

392 1787 635 1842 aliquand03
656 1786 860 1831 referunt,
877 1794 1015 1826 utrum
1034 1785 1154 1826 Pater
1168 1785 1335 1826 desierit
1352 1800 1551 1840 generare
1569 1785 1736 1826 Filium.

391 1857 517 1908 Quod
546 1872 645 1899 cum
673 1856 911 1903 tenuerint,
950 1865 1094 1896 nostro
1125 1855 1334 1912 aspirante
1368 1869 1602 1901 consensu,
1636 1869 1741 1896 con-

386 1935 562 1969 texunt:
585 1927 712 1983 coepit
741 1940 839 1983 ergo
869 1925 1095 1982 generatio.
1128 1924 1177 1965 Id
1206 1925 1238 1966 si
1263 1939 1346 1965 non
1381 1924 1567 1972 abnuas,
1598 1938 1743 1965 conse-

388 1997 459 2054 qui
480 1998 669 2045 videtur,
694 2005 740 2038 nt
761 1997 792 2038 si
817 1996 943 2053 coepit
967 1997 1200 2052 generatio,
1226 1995 1418 2036 videatur
1443 1995 1483 2035 in
1507 2009 1557 2035 eo
1581 2002 1737 2051 coepta,

387 2067 458 2124 qui
476 2077 596 2110 natus
624 2076 709 2115 est3
735 2075 781 2107 ut
799 2075 918 2108 natus
936 2081 1025 2107 esse
1049 2064 1214 2106 dicatur
1229 2096 1239 2111 ,
1260 2064 1330 2120 qui
1355 2072 1451 2105 ante
1473 2078 1559 2120 pon
1579 2063 1738 2111 suerat3

385 2138 500 2179 unde
518 2137 747 2179 definiant:
770 2137 1008 2193 Aliquando
1036 2151 1137 2191 ergo
1160 2135 1292 2176 Filius
1315 2149 1399 2175 non
1419 2134 1509 2176 suit.

446 2207 532 2249 CII.
571 2207 790 2263 Adjiciunt
808 2208 904 2248 alias
924 2206 1098 2261 ineptias
1117 2203 1380 2260 loquacitatis
1399 2218 1500 2250 suae,
1517 2203 1737 2245 dicentes:

380 2281 423 2323 Si
444 2280 633 2322 Verbum
654 2277 787 2319 Patris
804 2276 935 2318 Filius
958 2285 1042 2323 est,
1065 2283 1103 2315 et
1128 2274 1222 2316 ideo
1246 2275 1410 2331 genitus
1431 2274 1587 2315 dicitur
1603 2307 1613 2323 ‚
1640 2275 1739 2330 quia

376 2352 566 2395 Verbum
594 2357 656 2390 est
685 2362 694 2388 :
723 2347 836 2403 quod
867 2355 1007 2387 antem
1041 2343 1225 2386 Verbum
1259 2352 1344 2392 est,
1378 2358 1482 2401 opus
1515 2358 1600 2384 non
1635 2352 1699 2384 est
1727 2358 1736 2384 ε

373 2420 647 2464 multifariam
676 2420 842 2459 loeutus
884 2424 947 2457 est
984 2413 1153 2461 Pater²,·
1199 2415 1355 2455 multos
1392 2428 1492 2470 ergo
1525 2414 1738 2470 generavit
1793 2443 1796 2464 :

377 2492 503 2539 filios,
528 2490 663 2532 sinon
681 2495 879 2545 operatus
897 2493 976 2534 est,
999 2486 1072 2527 sed
1089 2486 1257 2526 locutus
1275 2491 1339 2525 est
1354 2481 1556 2525 Verbum.
1579 2483 1740 2525 Amen-
1794 2532 1796 2541 J

432 2590 441 2604 ¹
461 2579 624 2619 Coloss.1,
648 2579 696 2611 ι6.
715 2596 753 2602 -
769 2588 779 2601 2
799 2576 904 2609 Hebr.
923 2587 945 2611 ι,
969 2586 1002 2613 1„
