<?xml version="1.0" encoding="UTF-8"?>
<!DOCTYPE html PUBLIC "-//W3C//DTD XHTML 1.0 Transitional//EN"
    "http://www.w3.org/TR/xhtml1/DTD/xhtml1-transitional.dtd">
<html xmlns="http://www.w3.org/1999/xhtml" xml:lang="en" lang="en">
 <head>
  <title>
</title>
<meta http-equiv="Content-Type" content="text/html;charset=utf-8" />
  <meta name='ocr-system' content='tesseract 3.04.00' />
  <meta name='ocr-capabilities' content='ocr_page ocr_carea ocr_par ocr_line ocrx_word'/>
</head>
<body>
  <div class='ocr_page' id='page_1' title='image "./omniaequaeextant06ambruoft_0256.png"; bbox 0 0 1768 3283; ppageno 0'>
   <div class='ocr_carea' id='block_1_1' title="bbox 372 305 1219 347">
    <p class='ocr_par' dir='ltr' id='par_1_1' title="bbox 372 305 1219 347">
     <span class='ocr_line' id='line_1_1' title="bbox 372 305 1219 347; baseline -0.005 -1"><span class='ocrx_word' id='word_1_1' title='bbox 372 305 455 347; x_wconf 83' lang='lat'>238</span> <span class='ocrx_word' id='word_1_2' title='bbox 955 316 985 343; x_wconf 88' lang='lat' dir='ltr'>s.</span> <span class='ocrx_word' id='word_1_3' title='bbox 1026 315 1219 343; x_wconf 73' lang='lat' dir='ltr'>AMnnosu</span> 
     </span>
    </p>
   </div>
   <div class='ocr_carea' id='block_1_2' title="bbox 369 391 1729 2557">
    <p class='ocr_par' dir='ltr' id='par_1_2' title="bbox 369 391 1725 662">
     <span class='ocr_line' id='line_1_2' title="bbox 380 391 1721 449; baseline -0.001 -14"><span class='ocrx_word' id='word_1_4' title='bbox 380 395 599 439; x_wconf 79' lang='lat' dir='ltr'><strong>«Mulieres</strong></span> <span class='ocrx_word' id='word_1_5' title='bbox 618 394 715 436; x_wconf 85' lang='lat' dir='ltr'>viris</span> <span class='ocrx_word' id='word_1_6' title='bbox 743 392 827 435; x_wconf 84' lang='lat' dir='ltr'>suis</span> <span class='ocrx_word' id='word_1_7' title='bbox 849 392 1050 449; x_wconf 73' lang='lat' dir='ltr'>subjectae</span> <span class='ocrx_word' id='word_1_8' title='bbox 1074 392 1176 434; x_wconf 77' lang='lat' dir='ltr'>sint¹</span> <span class='ocrx_word' id='word_1_9' title='bbox 1199 409 1209 440; x_wconf 81' lang='lat'><em>3</em></span> <span class='ocrx_word' id='word_1_10' title='bbox 1233 409 1249 430; x_wconf 78' lang='lat'><strong>»</strong></span> <span class='ocrx_word' id='word_1_11' title='bbox 1272 399 1314 434; x_wconf 80' lang='lat' dir='ltr'>et</span> <span class='ocrx_word' id='word_1_12' title='bbox 1336 391 1431 433; x_wconf 85' lang='lat' dir='ltr'>alibi</span> <span class='ocrx_word' id='word_1_13' title='bbox 1451 405 1462 433; x_wconf 78' lang='lat' dir='ltr'><strong><em>z</em></strong></span> <span class='ocrx_word' id='word_1_14' title='bbox 1479 408 1495 428; x_wconf 77' lang='grc' dir='ltr'><em>α</em></span> <span class='ocrx_word' id='word_1_15' title='bbox 1513 391 1661 434; x_wconf 80' lang='lat' dir='ltr'><strong>Mulier</strong></span> <span class='ocrx_word' id='word_1_16' title='bbox 1677 391 1721 433; x_wconf 90' lang='lat' dir='ltr'>in</span> 
     </span>
     <span class='ocr_line' id='line_1_3' title="bbox 371 460 1725 518; baseline -0.001 -13"><span class='ocrx_word' id='word_1_17' title='bbox 371 466 561 509; x_wconf 85' lang='lat' dir='ltr'>»silentio</span> <span class='ocrx_word' id='word_1_18' title='bbox 594 465 726 507; x_wconf 85' lang='lat' dir='ltr'>discat</span> <span class='ocrx_word' id='word_1_19' title='bbox 757 479 853 504; x_wconf 85' lang='lat' dir='ltr'>cum</span> <span class='ocrx_word' id='word_1_20' title='bbox 887 464 1000 505; x_wconf 85' lang='lat' dir='ltr'>omni</span> <span class='ocrx_word' id='word_1_21' title='bbox 1030 461 1293 518; x_wconf 85' lang='lat' dir='ltr'>subjectione</span> <span class='ocrx_word' id='word_1_22' title='bbox 1319 460 1331 482; x_wconf 84' lang='lat'>²</span> <span class='ocrx_word' id='word_1_23' title='bbox 1350 461 1367 502; x_wconf 76' lang='grc' dir='ltr'>Ξ)</span> <span class='ocrx_word' id='word_1_24' title='bbox 1389 479 1404 500; x_wconf 84' lang='grc' dir='ltr'>ι&gt;</span> <span class='ocrx_word' id='word_1_25' title='bbox 1447 461 1529 503; x_wconf 89' lang='lat' dir='ltr'>Sed</span> <span class='ocrx_word' id='word_1_26' title='bbox 1561 461 1725 504; x_wconf 79' lang='lat' dir='ltr'>sacrile-</span> 
     </span>
     <span class='ocr_line' id='line_1_4' title="bbox 369 530 1725 592; baseline -0.002 -16"><span class='ocrx_word' id='word_1_27' title='bbox 369 550 498 592; x_wconf 82' lang='lat' dir='ltr'>»gum</span> <span class='ocrx_word' id='word_1_28' title='bbox 540 543 602 576; x_wconf 86' lang='lat' dir='ltr'>est</span> <span class='ocrx_word' id='word_1_29' title='bbox 629 534 692 575; x_wconf 83' lang='lat' dir='ltr'>vel</span> <span class='ocrx_word' id='word_1_30' title='bbox 716 532 828 574; x_wconf 84' lang='lat' dir='ltr'>Patri</span> <span class='ocrx_word' id='word_1_31' title='bbox 854 532 987 574; x_wconf 87' lang='lat' dir='ltr'>virum</span> <span class='ocrx_word' id='word_1_32' title='bbox 1004 564 1014 580; x_wconf 90' lang='lat'><strong><em>,</em></strong></span> <span class='ocrx_word' id='word_1_33' title='bbox 1044 532 1110 573; x_wconf 61' lang='lat' dir='ltr'>vel</span> <span class='ocrx_word' id='word_1_34' title='bbox 1133 531 1208 573; x_wconf 89' lang='lat' dir='ltr'>Dei</span> <span class='ocrx_word' id='word_1_35' title='bbox 1236 530 1340 572; x_wconf 88' lang='lat' dir='ltr'>Filio</span> <span class='ocrx_word' id='word_1_36' title='bbox 1360 531 1581 574; x_wconf 86' lang='lat' dir='ltr'>mulierem</span> <span class='ocrx_word' id='word_1_37' title='bbox 1610 546 1725 574; x_wconf 89' lang='lat' dir='ltr'>com-</span> 
     </span>
     <span class='ocr_line' id='line_1_5' title="bbox 370 620 533 662; baseline -0.006 -16"><span class='ocrx_word' id='word_1_38' title='bbox 370 620 533 662; x_wconf 86' lang='lat' dir='ltr'>parare.</span> 
     </span>
    </p>

    <p class='ocr_par' dir='ltr' id='par_1_3' title="bbox 370 670 1723 857">
     <span class='ocr_line' id='line_1_6' title="bbox 431 670 1721 728; baseline -0.003 -11"><span class='ocrx_word' id='word_1_39' title='bbox 431 673 609 717; x_wconf 85' lang='lat' dir='ltr'><strong>CLVIII.</strong></span> <span class='ocrx_word' id='word_1_40' title='bbox 648 673 712 714; x_wconf 90' lang='lat' dir='ltr'>An</span> <span class='ocrx_word' id='word_1_41' title='bbox 744 670 1100 728; x_wconf 82' lang='lat' dir='ltr'>quemadmodum</span> <span class='ocrx_word' id='word_1_42' title='bbox 1136 671 1282 713; x_wconf 81' lang='lat' dir='ltr'>Petrus</span> <span class='ocrx_word' id='word_1_43' title='bbox 1322 671 1455 712; x_wconf 84' lang='lat' dir='ltr'>dixit:</span> <span class='ocrx_word' id='word_1_44' title='bbox 1481 689 1496 710; x_wconf 74' lang='grc' dir='ltr'>(ι</span> <span class='ocrx_word' id='word_1_45' title='bbox 1529 671 1721 728; x_wconf 83' lang='lat' dir='ltr'>Subjecti</span> 
     </span>
     <span class='ocr_line' id='line_1_7' title="bbox 370 741 1723 798; baseline 0 -15"><span class='ocrx_word' id='word_1_46' title='bbox 370 754 530 787; x_wconf 82' lang='lat' dir='ltr'>»estote</span> <span class='ocrx_word' id='word_1_47' title='bbox 575 743 688 785; x_wconf 91' lang='lat' dir='ltr'>omni</span> <span class='ocrx_word' id='word_1_48' title='bbox 737 743 932 784; x_wconf 71' lang='lat' dir='ltr'>humana:</span> <span class='ocrx_word' id='word_1_49' title='bbox 982 751 1184 784; x_wconf 77' lang='lat' dir='ltr'>creatura:</span> <span class='ocrx_word' id='word_1_50' title='bbox 1210 741 1221 762; x_wconf 78' lang='lat'>³</span> <span class='ocrx_word' id='word_1_51' title='bbox 1253 741 1270 782; x_wconf 80' lang='grc' dir='ltr'>Ξ)</span> <span class='ocrx_word' id='word_1_52' title='bbox 1302 760 1316 780; x_wconf 76' lang='grc' dir='ltr'><strong><em>ι</em></strong></span> <span class='ocrx_word' id='word_1_53' title='bbox 1351 741 1436 784; x_wconf 82' lang='lat' dir='ltr'>Nec</span> <span class='ocrx_word' id='word_1_54' title='bbox 1481 742 1539 784; x_wconf 87' lang='lat' dir='ltr'>sic</span> <span class='ocrx_word' id='word_1_55' title='bbox 1577 741 1723 798; x_wconf 87' lang='lat' dir='ltr'>utique</span> 
     </span>
     <span class='ocr_line' id='line_1_8' title="bbox 373 814 578 857; baseline 0.01 -2"><span class='ocrx_word' id='word_1_56' title='bbox 373 814 578 857; x_wconf 79' lang='lat' dir='ltr'>Christus.</span> 
     </span>
    </p>

    <p class='ocr_par' dir='ltr' id='par_1_4' title="bbox 372 880 1725 1278">
     <span class='ocr_line' id='line_1_9' title="bbox 427 880 1725 939; baseline -0.002 -14"><span class='ocrx_word' id='word_1_57' title='bbox 427 884 570 925; x_wconf 74' lang='lat' dir='ltr'>CLIX.</span> <span class='ocrx_word' id='word_1_58' title='bbox 606 883 682 925; x_wconf 80' lang='lat' dir='ltr'>Vel</span> <span class='ocrx_word' id='word_1_59' title='bbox 711 883 1071 939; x_wconf 80' lang='lat' dir='ltr'>quemadmodum</span> <span class='ocrx_word' id='word_1_60' title='bbox 1102 882 1254 924; x_wconf 81' lang='lat' dir='ltr'>Paulus</span> <span class='ocrx_word' id='word_1_61' title='bbox 1289 881 1482 938; x_wconf 79' lang='lat' dir='ltr'><strong>scripsit:</strong></span> <span class='ocrx_word' id='word_1_62' title='bbox 1514 897 1530 919; x_wconf 77' lang='grc' dir='ltr'>ι</span> <span class='ocrx_word' id='word_1_63' title='bbox 1559 880 1648 923; x_wconf 92' lang='lat' dir='ltr'>Deo</span> <span class='ocrx_word' id='word_1_64' title='bbox 1682 889 1725 923; x_wconf 82' lang='lat' dir='ltr'>et</span> 
     </span>
     <span class='ocr_line' id='line_1_10' title="bbox 373 951 1724 1009; baseline -0.001 -16"><span class='ocrx_word' id='word_1_65' title='bbox 373 953 510 996; x_wconf 79' lang='lat' dir='ltr'>»Patri</span> <span class='ocrx_word' id='word_1_66' title='bbox 539 952 718 1009; x_wconf 83' lang='lat' dir='ltr'>subjecti</span> <span class='ocrx_word' id='word_1_67' title='bbox 747 953 925 995; x_wconf 87' lang='lat' dir='ltr'>invicem</span> <span class='ocrx_word' id='word_1_68' title='bbox 957 952 998 994; x_wconf 91' lang='lat' dir='ltr'>in</span> <span class='ocrx_word' id='word_1_69' title='bbox 1034 951 1180 993; x_wconf 84' lang='lat' dir='ltr'>timore</span> <span class='ocrx_word' id='word_1_70' title='bbox 1201 951 1356 993; x_wconf 81' lang='lat' dir='ltr'>Christi</span> <span class='ocrx_word' id='word_1_71' title='bbox 1374 951 1385 971; x_wconf 73' lang='lat'><strong><em>⁶</em></strong></span> <span class='ocrx_word' id='word_1_72' title='bbox 1405 951 1422 992; x_wconf 72' lang='grc' dir='ltr'>Ξ)</span> <span class='ocrx_word' id='word_1_73' title='bbox 1443 970 1457 990; x_wconf 83' lang='lat'><strong>»</strong></span> <span class='ocrx_word' id='word_1_74' title='bbox 1481 951 1565 993; x_wconf 86' lang='lat' dir='ltr'>Sed</span> <span class='ocrx_word' id='word_1_75' title='bbox 1590 965 1724 1007; x_wconf 86' lang='lat' dir='ltr'>neque</span> 
     </span>
     <span class='ocr_line' id='line_1_11' title="bbox 375 1021 1724 1078; baseline -0.002 -13"><span class='ocrx_word' id='word_1_76' title='bbox 375 1025 416 1065; x_wconf 90' lang='lat' dir='ltr'>in</span> <span class='ocrx_word' id='word_1_77' title='bbox 433 1038 532 1072; x_wconf 90' lang='lat' dir='ltr'>suo,</span> <span class='ocrx_word' id='word_1_78' title='bbox 551 1038 689 1078; x_wconf 81' lang='lat' dir='ltr'>neque</span> <span class='ocrx_word' id='word_1_79' title='bbox 716 1022 758 1063; x_wconf 92' lang='lat' dir='ltr'>in</span> <span class='ocrx_word' id='word_1_80' title='bbox 781 1023 950 1065; x_wconf 82' lang='lat' dir='ltr'>alterius</span> <span class='ocrx_word' id='word_1_81' title='bbox 974 1021 1130 1063; x_wconf 81' lang='lat' dir='ltr'>Christi</span> <span class='ocrx_word' id='word_1_82' title='bbox 1153 1021 1302 1063; x_wconf 76' lang='lat' dir='ltr'>timore</span> <span class='ocrx_word' id='word_1_83' title='bbox 1326 1021 1542 1077; x_wconf 79' lang='lat' dir='ltr'>subjectus</span> <span class='ocrx_word' id='word_1_84' title='bbox 1563 1030 1626 1063; x_wconf 88' lang='lat' dir='ltr'>est</span> <span class='ocrx_word' id='word_1_85' title='bbox 1652 1021 1724 1062; x_wconf 85' lang='lat' dir='ltr'>Fi-</span> 
     </span>
     <span class='ocr_line' id='line_1_12' title="bbox 372 1091 1724 1150; baseline -0.002 -14"><span class='ocrx_word' id='word_1_86' title='bbox 372 1095 451 1137; x_wconf 87' lang='lat' dir='ltr'>lius</span> <span class='ocrx_word' id='word_1_87' title='bbox 474 1127 483 1142; x_wconf 95' lang='lat'>,</span> <span class='ocrx_word' id='word_1_88' title='bbox 520 1093 616 1150; x_wconf 87' lang='lat' dir='ltr'>quia</span> <span class='ocrx_word' id='word_1_89' title='bbox 645 1107 753 1134; x_wconf 86' lang='lat' dir='ltr'>unus</span> <span class='ocrx_word' id='word_1_90' title='bbox 787 1100 849 1134; x_wconf 88' lang='lat' dir='ltr'>est</span> <span class='ocrx_word' id='word_1_91' title='bbox 886 1091 1091 1134; x_wconf 85' lang='lat' dir='ltr'>Christus.</span> <span class='ocrx_word' id='word_1_92' title='bbox 1139 1091 1335 1143; x_wconf 89' lang='lat' dir='ltr'>Quorum</span> <span class='ocrx_word' id='word_1_93' title='bbox 1373 1093 1602 1134; x_wconf 79' lang='lat' dir='ltr'>verborum</span> <span class='ocrx_word' id='word_1_94' title='bbox 1641 1091 1724 1133; x_wconf 80' lang='lat' dir='ltr'>vitn</span> 
     </span>
     <span class='ocr_line' id='line_1_13' title="bbox 374 1160 1725 1220; baseline -0.002 -14"><span class='ocrx_word' id='word_1_95' title='bbox 374 1164 655 1211; x_wconf 77' lang='lat' dir='ltr'>considerate,</span> <span class='ocrx_word' id='word_1_96' title='bbox 680 1163 776 1220; x_wconf 87' lang='lat' dir='ltr'>quia</span> <span class='ocrx_word' id='word_1_97' title='bbox 791 1162 903 1204; x_wconf 84' lang='lat' dir='ltr'>Patri</span> <span class='ocrx_word' id='word_1_98' title='bbox 927 1160 1109 1217; x_wconf 76' lang='lat' dir='ltr'>subjecti</span> <span class='ocrx_word' id='word_1_99' title='bbox 1133 1175 1295 1210; x_wconf 89' lang='lat' dir='ltr'>sumus,</span> <span class='ocrx_word' id='word_1_100' title='bbox 1321 1163 1421 1203; x_wconf 88' lang='lat' dir='ltr'>dum</span> <span class='ocrx_word' id='word_1_101' title='bbox 1441 1161 1566 1204; x_wconf 78' lang='lat' dir='ltr'>etiam</span> <span class='ocrx_word' id='word_1_102' title='bbox 1586 1161 1725 1203; x_wconf 86' lang='lat' dir='ltr'>Chris-</span> 
     </span>
     <span class='ocr_line' id='line_1_14' title="bbox 377 1247 690 1278; baseline -0.01 -1"><span class='ocrx_word' id='word_1_103' title='bbox 377 1247 466 1278; x_wconf 87' lang='lat' dir='ltr'>tum</span> <span class='ocrx_word' id='word_1_104' title='bbox 484 1249 690 1276; x_wconf 83' lang='lat' dir='ltr'>veremur.</span> 
     </span>
    </p>

    <p class='ocr_par' dir='ltr' id='par_1_5' title="bbox 372 1301 1727 1785">
     <span class='ocr_line' id='line_1_15' title="bbox 434 1301 1725 1360; baseline -0.003 -13"><span class='ocrx_word' id='word_1_105' title='bbox 434 1304 554 1347; x_wconf 89' lang='lat' dir='ltr'>CLX.</span> <span class='ocrx_word' id='word_1_106' title='bbox 594 1303 820 1355; x_wconf 85' lang='lat' dir='ltr'>Quomodo</span> <span class='ocrx_word' id='word_1_107' title='bbox 842 1317 941 1360; x_wconf 82' lang='lat' dir='ltr'>ergo</span> <span class='ocrx_word' id='word_1_108' title='bbox 966 1301 1206 1358; x_wconf 84' lang='lat' dir='ltr'>subjectum</span> <span class='ocrx_word' id='word_1_109' title='bbox 1235 1301 1725 1359; x_wconf 52' lang='lat' dir='ltr'>i11telligimus?*Totum</span> 
     </span>
     <span class='ocr_line' id='line_1_16' title="bbox 375 1372 1725 1433; baseline -0.002 -15"><span class='ocrx_word' id='word_1_110' title='bbox 375 1375 663 1433; x_wconf 88' lang='lat' dir='ltr'>Apostolicum</span> <span class='ocrx_word' id='word_1_111' title='bbox 686 1374 812 1432; x_wconf 84' lang='lat' dir='ltr'>caput</span> <span class='ocrx_word' id='word_1_112' title='bbox 833 1387 1152 1421; x_wconf 80' lang='lat' dir='ltr'>recenseamus;</span> <span class='ocrx_word' id='word_1_113' title='bbox 1178 1381 1225 1414; x_wconf 85' lang='lat' dir='ltr'>ut</span> <span class='ocrx_word' id='word_1_114' title='bbox 1245 1372 1350 1415; x_wconf 80' lang='lat' dir='ltr'>nihil</span> <span class='ocrx_word' id='word_1_115' title='bbox 1369 1373 1557 1416; x_wconf 83' lang='lat' dir='ltr'>videatur</span> <span class='ocrx_word' id='word_1_116' title='bbox 1578 1373 1725 1416; x_wconf 80' lang='lat' dir='ltr'>fraude</span> 
     </span>
     <span class='ocr_line' id='line_1_17' title="bbox 375 1442 1722 1500; baseline -0.002 -12"><span class='ocrx_word' id='word_1_117' title='bbox 375 1447 661 1492; x_wconf 69' lang='lat' dir='ltr'>subtractum,</span> <span class='ocrx_word' id='word_1_118' title='bbox 700 1452 770 1485; x_wconf 87' lang='lat' dir='ltr'>aut</span> <span class='ocrx_word' id='word_1_119' title='bbox 802 1443 1048 1500; x_wconf 81' lang='lat' dir='ltr'>obreptione</span> <span class='ocrx_word' id='word_1_120' title='bbox 1081 1442 1364 1500; x_wconf 71' lang='lat' dir='ltr'>praestrictum</span> <span class='ocrx_word' id='word_1_121' title='bbox 1399 1457 1409 1484; x_wconf 90' lang='lat'>:</span> <span class='ocrx_word' id='word_1_122' title='bbox 1440 1460 1457 1482; x_wconf 83' lang='lat'><strong>«</strong></span> <span class='ocrx_word' id='word_1_123' title='bbox 1487 1443 1530 1485; x_wconf 82' lang='lat' dir='ltr'>Si</span> <span class='ocrx_word' id='word_1_124' title='bbox 1557 1443 1722 1492; x_wconf 86' lang='lat' dir='ltr'>iuhac,</span> 
     </span>
     <span class='ocr_line' id='line_1_18' title="bbox 372 1512 1727 1573; baseline -0.002 -15"><span class='ocrx_word' id='word_1_125' title='bbox 372 1516 560 1573; x_wconf 79' lang='lat' dir='ltr'>»inquit,</span> <span class='ocrx_word' id='word_1_126' title='bbox 583 1514 661 1556; x_wconf 74' lang='lat' dir='ltr'>vita</span> <span class='ocrx_word' id='word_1_127' title='bbox 686 1521 849 1555; x_wconf 83' lang='lat' dir='ltr'>tantum</span> <span class='ocrx_word' id='word_1_128' title='bbox 882 1513 924 1554; x_wconf 89' lang='lat' dir='ltr'>in</span> <span class='ocrx_word' id='word_1_129' title='bbox 957 1512 1123 1554; x_wconf 84' lang='lat' dir='ltr'>Christo</span> <span class='ocrx_word' id='word_1_130' title='bbox 1155 1520 1369 1571; x_wconf 81' lang='lat' dir='ltr'>sperantes</span> <span class='ocrx_word' id='word_1_131' title='bbox 1405 1529 1577 1562; x_wconf 87' lang='lat' dir='ltr'>sumus,</span> <span class='ocrx_word' id='word_1_132' title='bbox 1601 1514 1727 1555; x_wconf 87' lang='lat' dir='ltr'>mise-</span> 
     </span>
     <span class='ocr_line' id='line_1_19' title="bbox 373 1583 1725 1630; baseline -0.001 -4"><span class='ocrx_word' id='word_1_133' title='bbox 373 1609 387 1626; x_wconf 84' lang='lat'>»</span> <span class='ocrx_word' id='word_1_134' title='bbox 402 1586 618 1630; x_wconf 79' lang='lat' dir='ltr'>rabiliores</span> <span class='ocrx_word' id='word_1_135' title='bbox 639 1599 782 1626; x_wconf 87' lang='lat' dir='ltr'>sumus</span> <span class='ocrx_word' id='word_1_136' title='bbox 805 1583 999 1624; x_wconf 89' lang='lat' dir='ltr'>omnibus</span> <span class='ocrx_word' id='word_1_137' title='bbox 1021 1583 1276 1625; x_wconf 87' lang='lat' dir='ltr'>hominibus.</span> <span class='ocrx_word' id='word_1_138' title='bbox 1307 1583 1350 1625; x_wconf 89' lang='lat' dir='ltr'>Si</span> <span class='ocrx_word' id='word_1_139' title='bbox 1374 1591 1513 1626; x_wconf 76' lang='lat' dir='ltr'>autem</span> <span class='ocrx_word' id='word_1_140' title='bbox 1533 1583 1725 1626; x_wconf 76' lang='lat' dir='ltr'>Christus</span> 
     </span>
     <span class='ocr_line' id='line_1_20' title="bbox 375 1653 1724 1708; baseline -0.001 -10"><span class='ocrx_word' id='word_1_141' title='bbox 375 1654 631 1700; x_wconf 78' lang='lat' dir='ltr'>»resurrexit</span> <span class='ocrx_word' id='word_1_142' title='bbox 657 1669 676 1695; x_wconf 84' lang='lat' dir='ltr'>a</span> <span class='ocrx_word' id='word_1_143' title='bbox 708 1653 885 1695; x_wconf 79' lang='lat' dir='ltr'>mortuis</span> <span class='ocrx_word' id='word_1_144' title='bbox 916 1653 1108 1708; x_wconf 66' lang='lat' dir='ltr'>primitiae</span> <span class='ocrx_word' id='word_1_145' title='bbox 1139 1653 1438 1695; x_wconf 80' lang='lat' dir='ltr'>dormientium</span> <span class='ocrx_word' id='word_1_146' title='bbox 1465 1653 1495 1695; x_wconf 88' lang='lat'>¹.</span> <span class='ocrx_word' id='word_1_147' title='bbox 1531 1672 1546 1693; x_wconf 77' lang='lat' dir='ltr'>n</span> <span class='ocrx_word' id='word_1_148' title='bbox 1568 1653 1724 1696; x_wconf 80' lang='lat' dir='ltr'>Videtis</span> 
     </span>
     <span class='ocr_line' id='line_1_21' title="bbox 378 1722 1692 1785; baseline -0.003 -16"><span class='ocrx_word' id='word_1_149' title='bbox 378 1726 575 1785; x_wconf 84' lang='lat' dir='ltr'>quoniam</span> <span class='ocrx_word' id='word_1_150' title='bbox 597 1723 648 1765; x_wconf 83' lang='lat' dir='ltr'>de</span> <span class='ocrx_word' id='word_1_151' title='bbox 665 1723 973 1764; x_wconf 84' lang='lat' dir='ltr'>resurrectione</span> <span class='ocrx_word' id='word_1_152' title='bbox 1004 1722 1158 1763; x_wconf 81' lang='lat' dir='ltr'>Christi</span> <span class='ocrx_word' id='word_1_153' title='bbox 1183 1731 1358 1764; x_wconf 77' lang='lat' dir='ltr'>tractata</span> <span class='ocrx_word' id='word_1_154' title='bbox 1376 1733 1438 1765; x_wconf 85' lang='lat' dir='ltr'>est</span> <span class='ocrx_word' id='word_1_155' title='bbox 1452 1723 1692 1780; x_wconf 79' lang='lat' dir='ltr'>disputatio.</span> 
     </span>
    </p>

    <p class='ocr_par' dir='ltr' id='par_1_6' title="bbox 377 1792 1768 2557">
     <span class='ocr_line' id='line_1_22' title="bbox 438 1792 1722 1850; baseline -0.002 -13"><span class='ocrx_word' id='word_1_156' title='bbox 438 1795 584 1837; x_wconf 87' lang='lat' dir='ltr'>CLXI.</span> <span class='ocrx_word' id='word_1_157' title='bbox 630 1811 644 1832; x_wconf 76' lang='grc' dir='ltr'><strong>α</strong></span> <span class='ocrx_word' id='word_1_158' title='bbox 664 1792 873 1843; x_wconf 80' lang='lat' dir='ltr'>Quoniam</span> <span class='ocrx_word' id='word_1_159' title='bbox 894 1792 1000 1833; x_wconf 87' lang='lat' dir='ltr'>sieut</span> <span class='ocrx_word' id='word_1_160' title='bbox 1028 1807 1104 1849; x_wconf 85' lang='lat' dir='ltr'>per</span> <span class='ocrx_word' id='word_1_161' title='bbox 1133 1808 1264 1834; x_wconf 88' lang='lat' dir='ltr'>unum</span> <span class='ocrx_word' id='word_1_162' title='bbox 1290 1793 1529 1842; x_wconf 85' lang='lat' dir='ltr'>hominem,</span> <span class='ocrx_word' id='word_1_163' title='bbox 1563 1793 1722 1850; x_wconf 84' lang='lat' dir='ltr'>inquit,</span> 
     </span>
     <span class='ocr_line' id='line_1_23' title="bbox 380 1862 1727 1921; baseline -0.002 -12"><span class='ocrx_word' id='word_1_164' title='bbox 380 1890 396 1908; x_wconf 69' lang='lat' dir='ltr'>n</span> <span class='ocrx_word' id='word_1_165' title='bbox 410 1883 545 1915; x_wconf 90' lang='lat' dir='ltr'>mors,</span> <span class='ocrx_word' id='word_1_166' title='bbox 577 1873 618 1906; x_wconf 82' lang='lat' dir='ltr'>ct</span> <span class='ocrx_word' id='word_1_167' title='bbox 647 1878 722 1921; x_wconf 88' lang='lat' dir='ltr'>per</span> <span class='ocrx_word' id='word_1_168' title='bbox 745 1862 960 1904; x_wconf 85' lang='lat' dir='ltr'>hominem</span> <span class='ocrx_word' id='word_1_169' title='bbox 1003 1863 1256 1905; x_wconf 85' lang='lat' dir='ltr'>resurrectio</span> <span class='ocrx_word' id='word_1_170' title='bbox 1291 1871 1568 1906; x_wconf 84' lang='lat' dir='ltr'>mortuorum.</span> <span class='ocrx_word' id='word_1_171' title='bbox 1607 1864 1727 1906; x_wconf 88' lang='lat' dir='ltr'>Sicut</span> 
     </span>
     <span class='ocr_line' id='line_1_24' title="bbox 379 1932 1729 1984; baseline -0.003 -4"><span class='ocrx_word' id='word_1_172' title='bbox 379 1959 393 1979; x_wconf 88' lang='lat'>»</span> <span class='ocrx_word' id='word_1_173' title='bbox 409 1938 519 1980; x_wconf 85' lang='lat' dir='ltr'>enim</span> <span class='ocrx_word' id='word_1_174' title='bbox 541 1936 582 1977; x_wconf 92' lang='lat' dir='ltr'>in</span> <span class='ocrx_word' id='word_1_175' title='bbox 600 1934 734 1977; x_wconf 88' lang='lat' dir='ltr'>Adam</span> <span class='ocrx_word' id='word_1_176' title='bbox 756 1947 900 1974; x_wconf 84' lang='lat' dir='ltr'>omnes</span> <span class='ocrx_word' id='word_1_177' title='bbox 923 1932 1180 1984; x_wconf 86' lang='lat' dir='ltr'>moriuntur,</span> <span class='ocrx_word' id='word_1_178' title='bbox 1202 1933 1255 1974; x_wconf 83' lang='lat' dir='ltr'>ita</span> <span class='ocrx_word' id='word_1_179' title='bbox 1274 1933 1375 1975; x_wconf 87' lang='lat' dir='ltr'>etin</span> <span class='ocrx_word' id='word_1_180' title='bbox 1395 1933 1560 1975; x_wconf 81' lang='lat' dir='ltr'>Christo</span> <span class='ocrx_word' id='word_1_181' title='bbox 1581 1949 1729 1976; x_wconf 82' lang='lat' dir='ltr'>omnes</span> 
     </span>
     <span class='ocr_line' id='line_1_25' title="bbox 378 2003 1727 2060; baseline -0.004 -11"><span class='ocrx_word' id='word_1_182' title='bbox 378 2005 745 2049; x_wconf 64' lang='lat' dir='ltr'>»vivificabuntun</span> <span class='ocrx_word' id='word_1_183' title='bbox 784 2003 1077 2059; x_wconf 73' lang='lat' dir='ltr'>Unusquisque</span> <span class='ocrx_word' id='word_1_184' title='bbox 1110 2011 1248 2044; x_wconf 81' lang='lat' dir='ltr'>autem</span> <span class='ocrx_word' id='word_1_185' title='bbox 1273 2003 1314 2044; x_wconf 92' lang='lat' dir='ltr'>in</span> <span class='ocrx_word' id='word_1_186' title='bbox 1344 2017 1420 2045; x_wconf 86' lang='lat' dir='ltr'>suo</span> <span class='ocrx_word' id='word_1_187' title='bbox 1448 2004 1617 2051; x_wconf 88' lang='lat' dir='ltr'>ordine,</span> <span class='ocrx_word' id='word_1_188' title='bbox 1647 2003 1727 2060; x_wconf 85' lang='lat' dir='ltr'>pri-</span> 
     </span>
     <span class='ocr_line' id='line_1_26' title="bbox 381 2072 1727 2130; baseline -0.002 -12"><span class='ocrx_word' id='word_1_189' title='bbox 381 2097 396 2118; x_wconf 79' lang='lat'>»</span> <span class='ocrx_word' id='word_1_190' title='bbox 410 2077 536 2120; x_wconf 80' lang='lat' dir='ltr'>mitiae</span> <span class='ocrx_word' id='word_1_191' title='bbox 561 2074 774 2116; x_wconf 70' lang='lat' dir='ltr'>Christus:</span> <span class='ocrx_word' id='word_1_192' title='bbox 798 2072 960 2115; x_wconf 83' lang='lat' dir='ltr'>Deinde</span> <span class='ocrx_word' id='word_1_193' title='bbox 979 2073 1020 2115; x_wconf 83' lang='lat' dir='ltr'>hi</span> <span class='ocrx_word' id='word_1_194' title='bbox 1041 2073 1111 2129; x_wconf 81' lang='lat' dir='ltr'>qui</span> <span class='ocrx_word' id='word_1_195' title='bbox 1130 2073 1412 2123; x_wconf 80' lang='lat' dir='ltr'>suntChristi‚</span> <span class='ocrx_word' id='word_1_196' title='bbox 1429 2074 1500 2130; x_wconf 86' lang='lat' dir='ltr'>qui</span> <span class='ocrx_word' id='word_1_197' title='bbox 1518 2074 1557 2115; x_wconf 90' lang='lat' dir='ltr'>in</span> <span class='ocrx_word' id='word_1_198' title='bbox 1577 2075 1727 2116; x_wconf 74' lang='lat' dir='ltr'>adven·</span> 
     </span>
     <span class='ocr_line' id='line_1_27' title="bbox 378 2142 1727 2202; baseline -0.003 -13"><span class='ocrx_word' id='word_1_199' title='bbox 378 2168 392 2189; x_wconf 77' lang='grc'><strong><em>»</em></strong></span> <span class='ocrx_word' id='word_1_200' title='bbox 410 2158 496 2191; x_wconf 83' lang='lat' dir='ltr'>tum</span> <span class='ocrx_word' id='word_1_201' title='bbox 539 2147 629 2202; x_wconf 82' lang='lat' dir='ltr'>ejus</span> <span class='ocrx_word' id='word_1_202' title='bbox 674 2142 957 2185; x_wconf 86' lang='lat' dir='ltr'>crediderunt.</span> <span class='ocrx_word' id='word_1_203' title='bbox 1005 2143 1170 2185; x_wconf 81' lang='lat' dir='ltr'>Deinde</span> <span class='ocrx_word' id='word_1_204' title='bbox 1209 2142 1325 2192; x_wconf 86' lang='lat' dir='ltr'>finis,</span> <span class='ocrx_word' id='word_1_205' title='bbox 1368 2158 1466 2185; x_wconf 86' lang='lat' dir='ltr'>cum</span> <span class='ocrx_word' id='word_1_206' title='bbox 1507 2143 1727 2185; x_wconf 83' lang='lat' dir='ltr'>tradiderit</span> 
     </span>
     <span class='ocr_line' id='line_1_28' title="bbox 377 2212 1727 2275; baseline -0.004 -16"><span class='ocrx_word' id='word_1_207' title='bbox 377 2231 583 2275; x_wconf 75' lang='lat' dir='ltr'>»regnum</span> <span class='ocrx_word' id='word_1_208' title='bbox 608 2216 694 2255; x_wconf 88' lang='lat' dir='ltr'>Deo</span> <span class='ocrx_word' id='word_1_209' title='bbox 717 2220 760 2254; x_wconf 87' lang='lat' dir='ltr'>et</span> <span class='ocrx_word' id='word_1_210' title='bbox 786 2213 926 2260; x_wconf 86' lang='lat' dir='ltr'>Patri,</span> <span class='ocrx_word' id='word_1_211' title='bbox 956 2228 1052 2254; x_wconf 87' lang='lat' dir='ltr'>cum</span> <span class='ocrx_word' id='word_1_212' title='bbox 1081 2213 1343 2255; x_wconf 79' lang='lat' dir='ltr'>evacuaverit</span> <span class='ocrx_word' id='word_1_213' title='bbox 1373 2228 1540 2255; x_wconf 85' lang='lat' dir='ltr'>omnem</span> <span class='ocrx_word' id='word_1_214' title='bbox 1566 2212 1727 2270; x_wconf 76' lang='lat' dir='ltr'>priuci-</span> 
     </span>
     <span class='ocr_line' id='line_1_29' title="bbox 379 2282 1727 2346; baseline -0.003 -18"><span class='ocrx_word' id='word_1_215' title='bbox 379 2297 575 2346; x_wconf 75' lang='lat' dir='ltr'>»patum,</span> <span class='ocrx_word' id='word_1_216' title='bbox 604 2292 646 2325; x_wconf 92' lang='lat' dir='ltr'>et</span> <span class='ocrx_word' id='word_1_217' title='bbox 671 2290 921 2339; x_wconf 80' lang='lat' dir='ltr'>potestatem</span> <span class='ocrx_word' id='word_1_218' title='bbox 957 2291 998 2324; x_wconf 88' lang='lat' dir='ltr'>et</span> <span class='ocrx_word' id='word_1_219' title='bbox 1022 2282 1236 2324; x_wconf 85' lang='lat' dir='ltr'>virtutem.</span> <span class='ocrx_word' id='word_1_220' title='bbox 1267 2282 1446 2339; x_wconf 77' lang='lat' dir='ltr'>Oportet</span> <span class='ocrx_word' id='word_1_221' title='bbox 1470 2283 1584 2324; x_wconf 80' lang='lat' dir='ltr'>enim</span> <span class='ocrx_word' id='word_1_222' title='bbox 1606 2283 1727 2324; x_wconf 71' lang='lat' dir='ltr'>illum</span> 
     </span>
     <span class='ocr_line' id='line_1_30' title="bbox 377 2353 1718 2417; baseline -0.003 -17"><span class='ocrx_word' id='word_1_223' title='bbox 377 2381 392 2400; x_wconf 70' lang='lat' dir='ltr'><strong><em>n</em></strong></span> <span class='ocrx_word' id='word_1_224' title='bbox 409 2372 608 2417; x_wconf 81' lang='lat' dir='ltr'>regnare,</span> <span class='ocrx_word' id='word_1_225' title='bbox 633 2356 767 2396; x_wconf 86' lang='lat' dir='ltr'>donec</span> <span class='ocrx_word' id='word_1_226' title='bbox 791 2361 918 2410; x_wconf 86' lang='lat' dir='ltr'>ponat</span> <span class='ocrx_word' id='word_1_227' title='bbox 941 2369 1085 2395; x_wconf 86' lang='lat' dir='ltr'>omnes</span> <span class='ocrx_word' id='word_1_228' title='bbox 1102 2353 1297 2394; x_wconf 89' lang='lat' dir='ltr'>inimicos</span> <span class='ocrx_word' id='word_1_229' title='bbox 1319 2354 1396 2395; x_wconf 88' lang='lat' dir='ltr'>sub</span> <span class='ocrx_word' id='word_1_230' title='bbox 1416 2354 1593 2411; x_wconf 84' lang='lat' dir='ltr'>pedibus</span> <span class='ocrx_word' id='word_1_231' title='bbox 1615 2354 1718 2408; x_wconf 82' lang='lat' dir='ltr'>ejus.</span> 
     </span>
     <span class='ocr_line' id='line_1_31' title="bbox 379 2423 1723 2474; baseline -0.006 -1"><span class='ocrx_word' id='word_1_232' title='bbox 379 2427 638 2474; x_wconf 80' lang='lat' dir='ltr'>»Novissime</span> <span class='ocrx_word' id='word_1_233' title='bbox 665 2431 803 2465; x_wconf 83' lang='lat' dir='ltr'>autem</span> <span class='ocrx_word' id='word_1_234' title='bbox 832 2423 1001 2464; x_wconf 82' lang='lat' dir='ltr'>inimica</span> <span class='ocrx_word' id='word_1_235' title='bbox 1024 2423 1266 2465; x_wconf 80' lang='lat' dir='ltr'>destruetur</span> <span class='ocrx_word' id='word_1_236' title='bbox 1286 2437 1422 2471; x_wconf 87' lang='lat' dir='ltr'>mors;</span> <span class='ocrx_word' id='word_1_237' title='bbox 1452 2423 1590 2465; x_wconf 86' lang='lat' dir='ltr'>omnia</span> <span class='ocrx_word' id='word_1_238' title='bbox 1611 2423 1723 2465; x_wconf 88' lang='lat' dir='ltr'>enim</span> 
     </span>
     <span class='ocr_line' id='line_1_32' title="bbox 377 2494 1723 2557; baseline -0.006 -13"><span class='ocrx_word' id='word_1_239' title='bbox 377 2498 586 2557; x_wconf 79' lang='lat' dir='ltr'>»subjecit</span> <span class='ocrx_word' id='word_1_240' title='bbox 616 2495 694 2538; x_wconf 88' lang='lat' dir='ltr'>sub</span> <span class='ocrx_word' id='word_1_241' title='bbox 728 2494 908 2552; x_wconf 88' lang='lat' dir='ltr'>pedibus</span> <span class='ocrx_word' id='word_1_242' title='bbox 935 2494 1038 2551; x_wconf 87' lang='lat' dir='ltr'>ejus.</span> <span class='ocrx_word' id='word_1_243' title='bbox 1072 2496 1177 2535; x_wconf 89' lang='lat' dir='ltr'>Cum</span> <span class='ocrx_word' id='word_1_244' title='bbox 1201 2501 1340 2536; x_wconf 84' lang='lat' dir='ltr'>autem</span> <span class='ocrx_word' id='word_1_245' title='bbox 1370 2495 1482 2536; x_wconf 85' lang='lat' dir='ltr'>dicat</span> <span class='ocrx_word' id='word_1_246' title='bbox 1512 2494 1723 2537; x_wconf 70' lang='lat' dir='ltr'>:cOmnia</span> 
     </span>
    </p>
   </div>
   <div class='ocr_carea' id='block_1_3' title="bbox 375 2595 1722 2695">
    <p class='ocr_par' dir='ltr' id='par_1_7' title="bbox 375 2595 1722 2695">
     <span class='ocr_line' id='line_1_33' title="bbox 421 2595 1722 2646; baseline 0.001 -17"><span class='ocrx_word' id='word_1_247' title='bbox 421 2615 430 2629; x_wconf 68' lang='grc' dir='ltr'><strong><em>ι</em></strong></span> <span class='ocrx_word' id='word_1_248' title='bbox 451 2603 569 2646; x_wconf 72' lang='lat' dir='ltr'>Ephes.</span> <span class='ocrx_word' id='word_1_249' title='bbox 586 2610 618 2640; x_wconf 78' lang='lat' dir='ltr'>v,</span> <span class='ocrx_word' id='word_1_250' title='bbox 636 2609 688 2630; x_wconf 80' lang='lat'>22.</span> <span class='ocrx_word' id='word_1_251' title='bbox 704 2616 744 2621; x_wconf 98' lang='lat'><strong>—</strong></span> <span class='ocrx_word' id='word_1_252' title='bbox 762 2607 773 2621; x_wconf 82' lang='lat'>²</span> <span class='ocrx_word' id='word_1_253' title='bbox 799 2608 810 2628; x_wconf 85' lang='lat'>1</span> <span class='ocrx_word' id='word_1_254' title='bbox 833 2597 922 2631; x_wconf 87' lang='lat' dir='ltr'>Tim.</span> <span class='ocrx_word' id='word_1_255' title='bbox 943 2608 981 2637; x_wconf 85' lang='lat' dir='ltr'>n,</span> <span class='ocrx_word' id='word_1_256' title='bbox 1003 2607 1101 2630; x_wconf 85' lang='lat'>11.—</span> <span class='ocrx_word' id='word_1_257' title='bbox 1120 2597 1134 2621; x_wconf 76' lang='lat'>3</span> <span class='ocrx_word' id='word_1_258' title='bbox 1157 2596 1275 2630; x_wconf 82' lang='lat' dir='ltr'>1Peu.</span> <span class='ocrx_word' id='word_1_259' title='bbox 1291 2607 1329 2635; x_wconf 86' lang='lat' dir='ltr'>n,</span> <span class='ocrx_word' id='word_1_260' title='bbox 1349 2595 1439 2629; x_wconf 79' lang='lat'>13.-</span> <span class='ocrx_word' id='word_1_261' title='bbox 1460 2598 1473 2624; x_wconf 78' lang='grc'><strong><em>4</em></strong></span> <span class='ocrx_word' id='word_1_262' title='bbox 1492 2596 1608 2640; x_wconf 80' lang='lat' dir='ltr'>Ephcs.</span> <span class='ocrx_word' id='word_1_263' title='bbox 1622 2606 1653 2635; x_wconf 81' lang='lat' dir='ltr'>v,</span> <span class='ocrx_word' id='word_1_264' title='bbox 1671 2607 1722 2630; x_wconf 69' lang='grc' dir='ltr'>ιι.</span> 
     </span>
     <span class='ocr_line' id='line_1_34' title="bbox 375 2651 799 2695; baseline -0.014 -6"><span class='ocrx_word' id='word_1_265' title='bbox 375 2679 415 2688; x_wconf 89' lang='grc'>.-</span> <span class='ocrx_word' id='word_1_266' title='bbox 435 2660 448 2683; x_wconf 79' lang='lat'>⁵</span> <span class='ocrx_word' id='word_1_267' title='bbox 474 2668 486 2689; x_wconf 89' lang='lat'>1</span> <span class='ocrx_word' id='word_1_268' title='bbox 507 2656 587 2688; x_wconf 84' lang='lat' dir='ltr'>Cor.</span> <span class='ocrx_word' id='word_1_269' title='bbox 603 2663 655 2694; x_wconf 78' lang='lat' dir='ltr'>xv,</span> <span class='ocrx_word' id='word_1_270' title='bbox 676 2663 723 2695; x_wconf 76' lang='lat'>19,</span> <span class='ocrx_word' id='word_1_271' title='bbox 751 2651 799 2684; x_wconf 82' lang='lat'>28.</span> 
     </span>
    </p>
   </div>
  </div>
 </body>
</html>
