1768 3283
378 272 430 299 Dr.
464 272 623 298 SPlRlTU
658 269 835 305 BANCTO,
872 273 948 299 Lu}-
988 273 1014 301 1.
1292 278 1369 320 201

32 352 129 392 tiam
158 365 166 391 :
204 349 276 391 sed
313 365 389 391 nec
427 352 478 390 de
510 350 740 392 substantia
781 350 1050 392 invisibilium
1084 361 1373 397 creaturarum

32 429 116 468 ost3
142 435 237 460 nam
264 428 305 460 et
331 419 407 460 illae
432 419 805 461 sanctificationem
831 419 954 475 liujus
977 421 1215 478 accipiunt,
1239 433 1280 465 et
1301 440 1375 480 per

33 490 146 531 hunc
170 489 337 544 reliquis
365 489 508 529 mundi
536 489 733 544 operibus
757 491 1029 532 antecellunt.
1058 490 1152 533 Sive
1195 492 1376 549 Angelos

35 560 146 601 dieas
159 590 169 606 ,
188 559 272 600 sive
288 558 604 599 Doininationos
621 590 632 605 ,
651 559 735 599 sive
752 562 1005 608 Potestates‚
1027 562 1162 602 omnis
1185 572 1377 605 creatura

32 636 222 684 expectat
248 628 380 668 saneti
407 628 584 683 Spiritus
606 628 794 684 gratiani.
825 628 1074 671 sicutenim
1100 646 1174 672 nos
1195 648 1268 688 per
1290 633 1381 690 Spi-

35 699 160 738 ritum
184 698 327 744 libori,
350 697 444 752 quia
470 715 483 733 α
507 697 616 737 Misit
635 698 743 738 Deus
761 696 964 753 Spiritum
987 698 1081 739 Filii
1103 700 1166 740 sui
1190 701 1230 741 in
1254 703 1382 743 corda

35 775 203 808 »nostra
221 769 470 807 clamantem
494 780 502 805 :
531 767 649 806 Abba
666 766 801 806 Pater.
834 767 978 821 ltaque
993 767 1078 822 jam
1102 783 1187 810 non
1209 779 1271 811 est
1293 786 1379 812 ser-

35 856 49 876 »
65 852 136 879 vus
152 868 162 884 ,
185 838 258 877 sed
281 835 410 876 filius¹
438 851 446 876 :
468 854 482 874 »
498 836 551 877 ita
574 837 699 876 otiam
719 837 854 877 omnis
872 845 1063 878 creatura
1084 840 1382 883 revelationem

34 907 237 949 Filiorum
264 906 339 947 Dei
367 915 582 962 expectat,
608 921 710 961 quos
731 906 874 962 utique
900 907 1032 948 sancti
1053 907 1232 965 Spiritus
1254 911 1385 967 gratia

35 976 139 1017 filios
165 976 242 1017 Dei
263 974 402 1018 fecit².
440 976 546 1032 Ergo
573 985 614 1017 et
644 985 833 1017 creatura
863 976 950 1033 ipsa
989 978 1123 1020 omnis
1157 980 1384 1036 spiritualis

36 1047 176 1104 gratiae
199 1047 450 1088 revelatione
481 1047 728 1094 mutabitur,
754 1047 838 1087 «Et
867 1048 1117 1090 liberabitur
1140 1066 1161 1091 a
1185 1052 1386 1094 servitute

36 1117 346 1174 incorruptionis
366 1119 405 1157 in
423 1117 660 1159 libertatem
684 1118 825 1173 gloriae
846 1116 1032 1160 filiorum
1057 1118 1175 1162 Dei³.
1198 1140 1213 1160 »

93 1188 149 1230 Lt
168 1189 197 1230 l.
235 1189 382 1230 Omnis
414 1203 512 1243 ergo
548 1196 738 1228 creatura
779 1189 990 1229 mutabilis
1007 1221 1018 1237 ,
1055 1204 1139 1232 non
1175 1191 1313 1233 solum
1338 1208 1386 1234 ea

37 1273 127 1314 quae
143 1258 226 1315 jam
245 1264 421 1314 peceato
445 1258 582 1312 aliquo
608 1266 678 1298 aut
699 1259 1008 1300 elementorum
1032 1260 1275 1303 conditione
1296 1277 1386 1304 mu-

33 1336 115 1369 tata
137 1336 223 1375 est3
247 1342 392 1367 verum
413 1326 540 1367 etiam
564 1342 655 1382 quae
676 1328 927 1383 corruptelae
944 1337 1081 1384 potest
1098 1344 1187 1371 esse
1206 1331 1386 1374 obnoxia

32 1397 130 1439 vitio
147 1405 306 1438 naturae
321 1428 331 1446 ‚
354 1405 395 1438 et
416 1396 448 1436 si
466 1398 656 1437 nondum
684 1405 747 1437 est
769 1397 908 1438 studio
933 1397 1188 1455 disciplinae;
1213 1415 1311 1447 nam
1340 1410 1386 1443 ut

33 1468 73 1509 in
91 1466 375 1523 superioribus
401 1467 520 1508 libris
543 1467 812 1514 docuimus&
837 1476 878 1509 et
901 1468 1161 1524 Angelorum
1191 1479 1385 1513 naturam

31 1539 161 1594 liquet
190 1538 373 1594 potuisse
404 1537 569 1578 mutari.
616 1538 765 1593 Utique
805 1539 1013 1580 aestimare
1051 1542 1251 1584 convenit
1287 1543 1384 1598 quia

32 1608 163 1665 qualis
187 1609 308 1648 unius
330 1615 477 1648 natura
493 1639 504 1655 ‚
529 1608 620 1649 talis
639 1615 681 1648 et
703 1615 966 1649 caeterorum.
994 1608 1203 1651 Mutabilis
1222 1625 1323 1668 ergo
1342 1621 1384 1654 et

33 1680 289 1735 reliquorum
309 1668 481 1726 nature,
503 1680 575 1719 sed
595 1678 743 1719 melior
770 1679 1004 1735 disciplina.

88 1750 211 1792 Lvfl.
249 1750 359 1806 Ergo
392 1749 528 1791 omnis
565 1749 777 1790 mutabilis
814 1759 1034 1800 creatura,
1065 1752 1139 1794 sed
1170 1752 1306 1794 bonus
1340 1761 1382 1795 et

33 1835 114 1862 non
145 1820 357 1862 mutabilis
388 1819 566 1876 Spiritus
599 1828 796 1867 sanetum
820 1835 958 1876 neque
988 1822 1100 1862 enim
1123 1822 1262 1879 aliquo
1281 1823 1380 1864 vitio

33 1893 184 1933 mutari
211 1899 370 1948 potest,
398 1891 468 1947 qui
491 1890 681 1932 omnium
709 1892 849 1932 abolet
876 1892 997 1940 vitia,
1019 1902 1194 1949 peccata
1224 1895 1380 1935 condo-

35 1972 116 2005 nat.
139 1963 363 2014 Quomodo
385 1976 484 2017 ergo
502 1961 713 2002 mutabilis
727 1992 738 2009 ,
760 1961 831 2016 qui
848 1961 1150 2004 sanctificando
1171 1962 1271 2004 alios
1289 1978 1379 2005 mu-

34 2042 89 2075 tat
107 2035 158 2075 ud
183 2034 381 2090 gratiam,
406 2047 490 2073 nou
512 2032 600 2089 ipse
623 2031 838 2073 mutatur?

88 2105 145 2146 Li
160 2104 231 2146 ttl.
270 2104 497 2155 Quomodo
534 2103 746 2144 mutabilis
767 2136 776 2150 ,
808 2103 877 2159 qui
908 2104 1043 2145 bonus
1081 2120 1247 2162 semper
1283 2107 1378 2150 esti)

33 2174 174 2230 Neque
203 2174 316 2215 enim
349 2188 533 2230 unquam
569 2176 702 2214 malus
727 2173 905 2229 Spiritus
932 2183 1124 2224 sauctus,
1151 2192 1224 2233 per
1251 2193 1377 2234 quem

33 2245 151 2286 nobis
174 2259 265 2301 quae
283 2245 393 2285 bona
416 2252 537 2292 sunt,
561 2244 864 2285 ministrantur.
897 2244 1014 2285 [ude
1043 2252 1084 2286 et
1105 2246 1378 2305 Evangelistae

34 2318 115 2358 duo
140 2317 182 2358 in
205 2331 287 2357 uno
306 2317 540 2371 eodemque
563 2317 658 2357 loco
677 2348 686 2364 ,
713 2316 884 2356 diversis
906 2316 1077 2372 quidem
1097 2317 1206 2359 inter
1232 2334 1274 2360 se
1294 2335 1383 2361 ver·

35 2388 118 2435 bis,
149 2389 223 2429 sed
249 2390 395 2428 eadem
429 2388 723 2444 designativum
762 2387 891 2428 habes
925 2387 1038 2428 enim
1071 2387 1113 2428 in
1149 2388 1375 2431 Matthaeo:

0 2479 1 2494 π
45 2477 60 2498 ι
76 2460 118 2502 Si
137 2477 221 2511 vos,
248 2477 344 2504 cum
367 2462 452 2503 sitis
470 2465 581 2515 mali,
598 2463 723 2505 nostis
743 2462 852 2503 bona
870 2461 963 2502 data
982 2459 1080 2501 dare
1098 2459 1192 2502 filiis
1203 2461 1374 2510 vestris;

0 2550 1 2600 l
81 2570 271 2605 ¹Galat.1v‚
288 2568 320 2607 6,
339 2579 370 2609 7.
399 2585 438 2591 ——
458 2576 468 2590 ·
492 2568 585 2600 Rom.
613 2577 681 2601 viu,
708 2577 755 2608 19.
779 2583 816 2589 —-
837 2567 849 2587 3
882 2563 964 2595 lbid.
994 2575 1045 2597 αι.
1062 2581 1102 2587 -
1129 2567 1142 2589 ⁴
1173 2561 1246 2595 Lib.
1281 2573 1319 2594 ιιι
1345 2562 1385 2596 de

36 2624 97 2658 fide
111 2648 120 2664 ,
138 2636 209 2668 cap.
233 2636 261 2656 2.

0 2689 1 2709 i
1175 2686 1241 2730 19·
