1768 3283
479 269 530 295 nn
565 268 673 301 FIDE,
709 267 785 295 mr.
824 268 858 294 v.
1288 259 1362 300 2:31

22 356 149 390 »runt
184 347 224 388 in
261 345 577 402 dispositionem
609 345 814 387 cordisk„
834 346 983 402 [tique
1012 361 1082 389 eos
1118 349 1373 391 condemnat

22 417 90 474 qui
112 431 162 457 ex
184 414 454 472 dispositione
473 415 610 457 cordis
633 415 875 456 mstimanda
895 431 985 472 quae
1009 416 1148 458 divina
1171 427 1289 467 sunt,
1314 435 1373 461 ar-

20 489 256 530 bitrantur:
281 499 378 526 nam
399 485 511 526 Deus
539 500 618 526 nec
647 485 910 542 dispositioni
935 494 997 528 est
1021 487 1265 543 subjectus,
1291 503 1370 530 nec

23 556 182 603 ordini;
213 556 380 611 quando
403 555 528 596 etiam
554 556 639 612 ipsa
664 571 753 611 quze
777 564 872 597 sunt
901 556 941 596 in
963 571 1040 597 usu
1064 555 1308 605 hominum,
1332 567 1374 600 et

24 625 286 669 successione
305 626 467 682 generis
491 625 686 674 humani,
717 641 800 667 non
830 641 995 683 semper
1018 626 1152 683 aliqua
1175 627 1373 669 solemnis

25 694 297 753 dispositione
320 694 490 736 rationis
508 728 517 743 ,
542 696 614 736 sed
647 696 894 751 plerumque
925 697 1098 738 secretis
1125 697 1375 739 latentibus-

25 780 105 823 que
124 766 298 806 decursa
316 764 540 820 mysteriis,
564 765 732 806 evenire
748 779 984 806 cernamus.

85 833 229 877 CXCI.
271 851 285 871 α
307 833 621 890 Cogitaverunt‚
639 834 787 890 inquit,
808 834 994 875 etlocuti
1014 842 1110 875 sunt
1126 835 1375 892 nequitiam,

27 905 317 961 »iniquitatem
338 905 376 944 in
393 904 614 946 Excelsum
634 904 763 945 locuti
783 914 894 953 sunt,
915 914 1144 961 posuerunt
1162 905 1204 947 in
1222 907 1377 947 coelum

27 990 100 1017 »os
129 972 325 1016 suum2.»
352 973 549 1015 Videmus
581 974 721 1030 itaque
753 975 862 1030 qnod
896 975 1011 1031 impii
1045 975 1254 1033 sacrilegii
1286 991 1380 1017 reos

29 1048 226 1092 damnet,
249 1043 319 1100 qui
341 1059 391 1084 ex
412 1044 687 1085 similitudine
710 1045 905 1087 humanae
930 1053 1086 1087 natura:
1102 1078 1113 1094 ‚
1144 1045 1379 1103 dispositio-

27 1132 124 1160 nem
151 1116 227 1158 sibi
247 1123 442 1170 arrogent
466 1115 646 1157 coelestis
667 1115 820 1157 arcani.

89 1186 255 1229 CXCII.
294 1186 345 1227 Et
362 1186 557 1228 dixerunt
579 1200 620 1226 τα
640 1186 868 1237 Quomodo
889 1186 1009 1228 scivit
1030 1186 1176 1228 Deus?
1200 1194 1242 1228 et
1265 1186 1297 1228 si
1319 1194 1381 1228 est

29 1257 231 1301 nseientia
253 1254 386 1296 omnis
412 1255 452 1295 in
476 1255 763 1297 Altissimo³Pn
787 1255 935 1298 Nonne
960 1257 1047 1298 liaec
1071 1257 1258 1313 quotidie
1281 1273 1380 1314 per-

30 1349 44 1368 n
60 1335 250 1384 strepunt
273 1325 465 1373 Arriani,
491 1325 709 1367 scientiam
734 1341 904 1367 omnem
929 1326 968 1367 in
994 1326 1161 1368 Christo
1184 1342 1273 1368 esse
1294 1341 1379 1368 non

29 1397 181 1457 posse?
203 1396 312 1448 Quia
332 1396 417 1452 ipse
434 1428 443 1443 ,
469 1396 689 1452 inquiunt,
712 1397 792 1438 diei
815 1405 856 1437 et
880 1397 993 1438 horae
1022 1413 1065 1438 se
1088 1397 1299 1454 professus
1320 1405 1384 1439 est

32 1485 120 1513 esse
143 1469 347 1525 ignarum.
379 1465 526 1508 Nonne
553 1467 700 1508 dicunt
731 1482 739 1507 ε
767 1467 992 1518 Quomodo
1020 1467 1163 1515 scivit,
1188 1466 1259 1523 qui
1285 1482 1383 1509 eum

33 1554 117 1583 non
151 1536 336 1596 potuisse
362 1536 467 1577 scire
495 1546 853 1585 commemorant,
888 1536 964 1577 nisi
990 1552 1080 1593 quae
1110 1536 1313 1585 audierit,
1346 1546 1386 1578 ct

34 1609 182 1653 viderit
211 1622 220 1649 :
247 1615 288 1648 et
317 1622 364 1648 ea
387 1621 479 1662 quae
511 1615 708 1664 spectant
734 1609 785 1649 ad.
817 1607 967 1649 divinae
991 1608 1197 1650 unitatem
1226 1615 1386 1649 naturze

35 1680 86 1724 ad
106 1678 392 1721 infirmitatem
413 1678 612 1734 sacrilega
637 1679 983 1736 interpretatIone
1019 1677 1240 1720 derivant?

96 1747 280 1790 CXCIII.
319 1746 532 1804 Scriptum
570 1757 655 1795 est,
683 1748 880 1804 inquiunt
907 1764 948 1789 :«
970 1748 1031 1790 De
1053 1749 1121 1790 die
1150 1756 1289 1790 autem
1316 1748 1387 1790 illo

34 1827 104 1861 »et
130 1819 232 1861 hora
254 1833 377 1859 nemo
401 1818 505 1866 scit,
535 1833 670 1874 neque
693 1818 841 1877 Angeli
865 1820 1068 1860 coelorum
1087 1851 1097 1866 ,
1127 1834 1206 1860 nec
1229 1819 1359 1861 Filius
1376 1853 1385 1867 ,

36 1889 143 1932 »nisi
170 1889 280 1930 solus
304 1888 464 1930 Pater⁵.
481 1907 495 1927 »
519 1883 705 1930 Primum
740 1898 901 1930 veteres
923 1904 1005 1930 non
1030 1889 1187 1930 hahent
1216 1889 1384 1931 codices

35 1960 159 2018 graeci
178 1960 273 2016 quia
296 1974 373 2000 nec
386 1959 513 2000 Filius
540 1959 716 2016 scitQ25)
743 1974 751 2002 :
774 1961 847 2001 sed
864 1960 1109 2001 nonmirum
1122 1960 1204 2002 siet
1218 1960 1298 2002 hoc
1312 1960 1390 2001 sal-

37 2038 180 2072 sarunt
199 2063 208 2078 ,
232 2029 302 2085 qui
331 2028 568 2085 Scripturas
587 2029 892 2086 interpolavere
912 2030 1084 2072 divinas.
1114 2030 1206 2081 Qua
1226 2030 1390 2072 ratione

37 2109 176 2143 autem
199 2099 388 2141 videatur
415 2099 653 2154 adjectum,
682 2100 901 2155 proditur,
928 2100 1029 2144 dum
1064 2099 1116 2141 ad
1139 2100 1393 2157 interpreta-

37 2172 193 2214 tionem
213 2169 314 2211 tanti
334 2169 539 2226 sacrilegii
565 2170 793 2211 derivatur.

99 2239 282 2281 CXCIV.
318 2239 432 2281 Pone
450 2247 586 2280 tamen
608 2240 657 2280 ab
672 2239 946 2296 Evangelistis
967 2239 1184 2297 scriptum.
1208 2240 1392 2281 Medium

39 2310 182 2366 utique
212 2324 367 2350 nomen
392 2317 453 2350 est
488 2308 581 2350 Filii
610 2326 618 2349 :
645 2324 740 2351 nam
772 2319 813 2351 et
840 2310 968 2352 Filius
999 2310 1181 2351 hominis
1216 2309 1392 2357 dicitur;

41 2389 86 2421 ut
117 2380 351 2421 secundum
389 2379 719 2435 imprudentiam
760 2380 1054 2436 assumptiOnis
1094 2388 1247 2421 nostrae
1281 2378 1391 2419 diem

0 2482 1 2486 ,
40 2450 168 2492 futuri
198 2450 343 2507 judicii
374 2451 553 2492 nescisse
576 2451 777 2492 videatur.
816 2451 1042 2502 Quomodo
1071 2450 1184 2491 enim
1212 2449 1394 2491 nesciret

0 2604 1 2609 1
89 2562 98 2577 ¹
126 2553 208 2585 Psal.
238 2564 345 2591 exui,
380 2554 448 2604 5-7.
487 2571 526 2578 —-
551 2563 563 2576 ¹
597 2553 683 2585 Ibid.
717 2553 762 2592 S,
798 2565 830 2595 9.
861 2571 900 2577 -
927 2554 939 2576 ³
978 2552 1064 2586 Ibid.
1094 2563 1142 2586 ιο.
1170 2569 1211 2577 --
1246 2552 1260 2580 4
1286 2551 1389 2583 Marc.

43 2617 101 2639 xni
122 2631 130 2645 ,
159 2609 211 2640 52.
