1806 3256
368 323 424 365 70
915 321 945 347 s.
986 319 1177 347 Aninnosn

368 421 383 439 »
400 401 496 457 quia
524 414 608 442 non
630 400 767 441 solum
793 397 980 440 solvebat
1012 397 1256 445 sabbatum,
1281 397 1354 439 sed
1377 406 1418 439 et
1436 386 1603 440 Patrem
1628 412 1721 456 pro-

366 471 534 529 »prium
561 470 728 511 dicebat
744 469 902 514 Deum,
926 468 1129 523 aequaIem
1149 482 1192 509 so
1212 467 1366 509 faciens
1388 467 1476 510 Deo
1494 467 1523 510 ¹.
1555 487 1570 507 ι»

426 539 614 582 LXVIII.
654 539 744 581 Non
770 538 905 578 Judaei
925 538 1004 578 hoc
1029 538 1176 578 dicunt
1192 571 1200 585 ,
1224 539 1295 578 sed
1313 538 1574 594 Evangelista
1596 546 1720 580 testa-

367 620 452 658 tur,
477 611 592 667 quod
610 610 811 665 aequalem
835 624 878 650 se
904 608 1082 650 faciebat
1113 607 1200 648 Deo
1217 641 1226 655 ‚
1262 608 1476 664 proprium
1499 625 1541 650 sc
1566 609 1718 651 Filium

368 680 447 720 Dei
473 679 629 720 dicens
658 678 747 722 Non
769 677 881 718 enim
903 677 1104 733 scriptum
1125 685 1187 718 ost
1209 692 1258 718 ex
1273 692 1450 734 persona
1472 677 1719 719 Judaeorum

370 749 599 791 dicentium
641 764 649 789 :
691 749 914 804 Propterea
962 748 1206 789 volebamus
1253 763 1349 788 eum
1389 748 1610 796 occidere;
1648 749 1721 790 sed

368 818 628 876 Evangelista
650 833 700 859 ex
726 833 797 858 sua
822 832 998 873 persona
1023 816 1126 859 dicit
1147 832 1156 858 t
1189 817 1442 875 «Propterea
1471 817 1582 858 enim
1606 818 1720 860 vole-

369 890 500 931 »bant
536 890 651 930 illum
689 888 826 929 Judaei
860 888 1069 929 occidere.
1100 906 1114 926 »
1142 887 1194 928 Et
1221 887 1517 944 interpretatus
1542 896 1604 929 est
1625 903 1722 929 cau-

367 975 482 1009 sam,
508 959 602 1001 ideo
632 959 802 1000 Judaeos
836 960 887 1000 ad
918 973 1065 1000 necem
1088 958 1176 1014 ejus
1200 973 1290 999 esse
1323 966 1580 1006 commotos,
1608 960 1721 1014 quod

366 1045 468 1072 cum
490 1039 531 1072 et
553 1030 775 1072 sabbatum
813 1029 929 1085 quasi
974 1029 1083 1069 Deus
1110 1029 1313 1076 solveret,
1332 1037 1373 1069 et
1398 1029 1532 1070 Deum
1554 1029 1721 1070 Patrem

369 1100 448 1141 sibi
475 1100 691 1156 proprium
713 1099 944 1139 vindicaret
964 1131 972 1143 ‚
998 1112 1079 1139 non
1109 1098 1242 1138 solum
1269 1098 1308 1138 in
1332 1097 1537 1138 solutione
1559 1097 1720 1138 sabbati

368 1171 632 1226 majestatem
658 1169 805 1210 divinae
830 1168 1067 1225 potestatis,
1093 1169 1163 1208 sed
1187 1168 1311 1208 ctiam
1341 1167 1380 1208 in
1408 1167 1538 1209 Patris
1562 1166 1720 1224 proprii

369 1240 542 1282 nomine
565 1240 628 1294 jus
652 1240 728 1280 sibi
747 1247 914 1281 aeternae
932 1238 1178 1293 aequalitatis
1196 1237 1434 1278 ascisceret.

427 1310 581 1353 LXIX.
624 1310 789 1361 Quibus
824 1310 1033 1366 aptissime
1067 1309 1281 1365 rospondit
1307 1308 1382 1349 Dei
1416 1307 1573 1354 Filius,
1603 1316 1647 1348 ut
1679 1315 1720 1349 et
1783 1318 1787 1324 ·

368 1382 444 1423 Dei
462 1397 503 1422 se
526 1381 678 1422 Filium
696 1411 704 1427 ‚
730 1387 772 1421 ct
797 1380 998 1434 aequalem
1023 1378 1249 1434 probaret:
1279 1395 1292 1414 α
1313 1378 1603 1432 Quaecumque
1620 1408 1629 1423 ‚
1662 1375 1721 1417 in·

369 1452 511 1509 nquit,
550 1451 672 1492 Pater
698 1449 868 1496 fecerit,
899 1451 1045 1490 eadem
1077 1457 1118 1489 et
1149 1447 1278 1490 Filius
1307 1448 1405 1489 facit
1429 1447 1664 1488 similiter2.
1692 1467 1707 1485 »

366 1523 496 1566 Filius
531 1522 656 1578 igitur
680 1520 791 1561 Patri
826 1528 867 1560 et
905 1519 1059 1560 dicitur
1091 1527 1133 1560 ct
1168 1518 1370 1575 probatur·
1391 1517 1571 1574 aequalis.
1603 1518 1720 1559 Bona

369 1593 604 1650 aequalitas‚
647 1606 738 1647 quae
768 1598 811 1631 et
847 1588 1124 1630 differentiam
1162 1587 1398 1629 Divinitatis
1436 1587 1650 1634 excludit,
1678 1595 1720 1628 et

371 1679 466 1706 cum
501 1662 607 1705 Filio
640 1662 804 1703 Patrem
829 1659 988 1716 signat,
1009 1658 1075 1700 cui
1097 1658 1227 1699 Filius
1250 1658 1301 1699 sit
1322 1655 1492 1713 aequalis
1514 1671 1522 1697 :
1550 1671 1633 1698 non
1657 1665 1720 1699 est

366 1734 478 1776 enim
502 1734 681 1779 diversa,
703 1746 781 1773 nec
805 1730 1024 1787 singularis
1045 1729 1258 1785 aequalitas
1279 1744 1290 1776 ς
1308 1727 1402 1784 quia
1434 1742 1558 1768 nemo
1584 1740 1721 1783 aequa·

366 1805 416 1846 lis
439 1804 525 1860 ipso
549 1803 625 1844 sibi
649 1803 760 1844 solus
784 1809 858 1842 est.
903 1800 1013 1856 Ergo
1037 1799 1299 1856 Evangelista
1330 1798 1628 1855 interpretatus
1658 1805 1720 1839 est

367 1875 469 1932 quid
500 1874 552 1916 sit
586 1873 806 1930 proprium
833 1871 986 1914 Filium
1009 1870 1084 1912 Dei
1108 1885 1152 1912 se
1173 1869 1333 1917 dicere,
1360 1869 1442 1911 hoc
1463 1877 1550 1917 est,
1585 1883 1720 1926 aequa-

366 1946 448 1987 lem
470 1959 513 1986 se
535 1944 673 1985 facere
691 1944 791 1984 Deo.

423 2013 557 2057 LXX.
595 2014 713 2055 Unde
732 2013 771 2054 id
788 2022 956 2054 secutus
978 2010 1203 2067 Apostolus
1222 2008 1325 2050 dixit
1345 2024 1354 2050 :
1383 2026 1397 2046 a
1411 2008 1503 2050 Non
1528 2007 1718 2065 rapinam

362 2106 378 2124 n
395 2085 619 2128 arbitratus
637 2090 699 2124 est
719 2097 807 2123 esse
834 2096 878 2123 se
898 2081 1101 2136 aequalem
1127 2077 1258 2120 Deo³.
1285 2096 1300 2118 n
1324 2078 1452 2129 Quod
1485 2077 1597 2119 enim
1625 2076 1717 2133 quis

362 2171 447 2198 non
470 2154 620 2200 habet,
644 2167 792 2208 rapere
825 2160 1014 2193 conatur.
1046 2150 1155 2206 Ergo
1181 2163 1264 2190 non
1292 2147 1409 2205 quasi
1435 2147 1622 2204 rapinam
1645 2146 1717 2188 ha-

358 2227 488 2269 hebat
519 2223 800 2281 :equalitatem
839 2236 936 2263 cum
974 2221 1121 2267 Patre,
1152 2234 1278 2275 quam
1317 2219 1360 2260 in
1399 2217 1627 2269 substantia
1653 2216 1717 2259 s‘ui

359 2307 558 2353 tanquam
594 2294 706 2336 Deus
738 2301 780 2334 et
815 2292 1021 2334 Dominus
1058 2290 1310 2347 possidebat.
1356 2289 1475 2331 Unde
1517 2287 1712 2330 addidit:

366 2385 381 2405 «
400 2368 597 2408 Formam
620 2362 725 2405 servi
751 2361 954 2419 accepit⁶.
978 2379 992 2399 n
1022 2360 1289 2402 Contrarium
1314 2358 1459 2414 utique
1482 2372 1626 2399 servus
1643 2389 1653 2404 ‚
1674 2365 1716 2400 et

354 2435 538 2493 aequalis.
566 2433 752 2490 [Equalis
772 2447 869 2490 ergo
892 2430 932 2472 in
951 2431 1027 2473 Dei
1052 2430 1184 2472 forma
1201 2463 1211 2478 ‚
1232 2430 1370 2470 minor
1388 2429 1429 2470 in
1448 2428 1714 2485 susceptione

353 2507 490 2550 carnis
505 2537 514 2554 ,
536 2514 578 2547 et
599 2504 781 2546 hominis
804 2502 1010 2560 passione.
1033 2500 1139 2544 Nam
1163 2501 1376 2558 quomodo
1399 2501 1547 2542 eadem
1574 2508 1715 2557 posset

348 2578 488 2621 minor
504 2591 594 2617 esse
614 2574 872 2631 :equalisque
891 2571 1071 2615 natura?
1097 2572 1324 2623 Quomodo
1347 2578 1490 2612 autem
1517 2569 1550 2613 si
1572 2567 1712 2612 minor

396 2677 406 2692 ¹
427 2666 632 2703 Joan.v,18.
651 2684 690 2690 —
710 2675 721 2690 ³
743 2664 831 2697 Ibid.
855 2675 904 2706 ¹9-
924 2682 960 2689 —
976 2665 990 2687 ³
1008 2662 1127 2704 Philip.
1149 2673 1186 2700 n,
1204 2661 1235 2693 6.
1257 2679 1296 2685 —
1314 2659 1434 2694 ⁴1bid.
1451 2671 1482 2702 7.
