1768 3283
385 315 435 340 nn
471 312 628 340 SPIRITU
663 312 842 345 SANGTO,
878 313 956 339 Lm.
998 313 1057 339 111.
1334 299 1417 347 423

63 392 235 435 defessis
267 391 439 433 vocibus
467 393 638 433 laudant
669 400 710 432 et
741 391 917 432 dicunt:
945 408 959 428 α
978 390 1181 439 Sanctus,
1209 391 1414 440 Sanctus,

63 463 270 505 »Sanctus
303 462 507 503 Dominus
536 462 645 503 Deus
669 462 894 503 Sabaoth’.
924 480 938 500 ι)
963 461 1053 503 Non
1077 463 1208 503 semel
1240 461 1388 503 dicunt
1405 494 1414 508 ‚

61 548 114 574 ne
153 533 483 588 singularitatem
519 533 694 573 credas:
721 547 805 573 non
836 532 899 573 bis
933 533 1104 579 dicunt,
1135 547 1186 572 ne
1215 530 1418 587 Spiritum

63 602 262 645 excludas
290 617 298 643 :
334 617 414 643 non
444 611 608 643 sanctos
637 601 807 649 dicunt,
834 617 885 642 ne
907 602 1190 658 pluralitatem
1214 600 1418 642 aestimes:

64 674 136 714 sed
163 681 226 713 ter
243 680 469 729 repetunt,
488 680 529 712 et
551 672 661 712 idem
686 672 854 719 dicunt,
885 679 930 712 ut
953 671 1078 712 etiam
1099 671 1139 712 in
1160 670 1319 727 hymno
1343 669 1420 710 dis·

65 742 314 785 tinctionem
346 741 582 788 Trinitatis,
612 749 653 782 ot
682 741 917 782 Divinitatis
953 739 1157 797 intelligas
1186 740 1419 781 unitatem:

62 812 148 854 hoc
177 827 273 853 cum
300 811 467 859 dicunt,
492 812 629 851 Deum
649 811 892 866 praedicant.

125 881 273 922 CXIII.
312 880 395 922 Nos
435 894 602 936 quoque
650 880 754 921 nihil
798 879 1021 935 pretiosius
1063 879 1300 921 invenimus
1344 894 1427 934 quo

63 951 199 993 Deum
224 949 455 1006 praedicare
484 949 718 1006 possimus,
745 949 823 990 nisi
850 958 896 991 ut
927 958 1118 990 sanctum
1154 949 1424 1006 appellemus.

65 1019 296 1072 Quodlibet
333 1019 445 1060 aliud
478 1019 650 1061 inferius
671 1020 781 1068 Deo,
807 1019 980 1060 inferius
1002 1028 1065 1061 est
1087 1020 1282 1060 Domino.
1311 1019 1422 1074 Ergo

65 1091 164 1132 hinc
197 1104 366 1145 quoque
401 1089 663 1131 considerate
696 1098 841 1130 utrum
879 1090 1035 1145 aliquid
1067 1097 1213 1131 saneto
1245 1088 1418 1144 Spiritui

67 1161 354 1216 derogandum
378 1160 453 1207 sit,
474 1160 595 1215 cujus
620 1175 774 1201 nomen
793 1160 868 1201 Dei
890 1162 982 1202 laus
1005 1168 1081 1202 est.
1115 1159 1186 1203 Sic
1206 1159 1317 1199 enim
1345 1160 1433 1199 lau*

67 1229 191 1270 datur
223 1230 368 1278 Pater,
402 1229 462 1270 sic
499 1231 696 1271 laudatur
729 1239 770 1271 et
800 1231 957 1278 Filius,
994 1229 1353 1286 quemadmodum
1387 1237 1430 1270 et

69 1298 249 1356 Spiritus
273 1298 518 1340 nominatur
536 1307 577 1340 et
599 1301 807 1342 laudatur.
836 1300 1058 1357 Seraphim
1092 1300 1258 1347 laudat,
1293 1299 1428 1340 omnis

66 1369 290 1410 beatorum
320 1370 475 1410 chorus
507 1371 672 1418 laudat,
699 1378 744 1412 ut
769 1379 960 1412 sanctum
991 1371 1127 1412 Deum
1151 1370 1282 1418 dicat,
1309 1383 1432 1411 sanc-

69 1447 157 1480 tum
182 1438 336 1479 Filium
354 1471 364 1486 ‚
390 1448 584 1480 sanctum
609 1438 829 1495 Spiritum.

129 1507 280 1550 CXIV.
309 1510 535 1559 Quomodo
555 1511 682 1566 igitur
699 1525 782 1551 non
803 1510 942 1551 omnia
964 1511 1091 1551 habet
1109 1525 1200 1566 quae
1219 1509 1294 1551 Dei
1315 1517 1427 1557 sunt,

68 1579 139 1635 qui
172 1593 268 1620 cum
299 1580 420 1620 Patre
443 1587 484 1620 et
506 1580 613 1620 Filio
636 1595 654 1620 a
680 1580 970 1621 sacerdotibus
1001 1580 1041 1620 in
1066 1580 1316 1635 baptismate
1349 1594 1429 1620 no-

68 1648 268 1695 minatur,
296 1656 338 1689 et
360 1648 402 1688 in
425 1648 708 1690 oblationibus
733 1649 969 1697 invocatur,
996 1664 1093 1690 cum
1115 1649 1238 1690 Patre
1259 1657 1300 1689 et
1321 1649 1428 1689 Filio

71 1733 91 1759 a
114 1716 334 1773 Seraphim
363 1717 405 1758 in
426 1717 666 1758 coelestibus
689 1719 958 1774 praedicatur,
985 1732 1084 1758 cum
1108 1718 1229 1758 Patre
1253 1725 1294 1758 et
1320 1717 1428 1759 Filio

71 1787 232 1829 habitat
254 1786 294 1827 in
313 1787 466 1828 sanctis
482 1819 491 1834 ,
513 1787 748 1828 infunditur
768 1788 910 1843 justis,
932 1788 1160 1844 inspiratur
1183 1787 1417 1843 Prophetis,

73 1858 192 1899 Unde
209 1865 248 1898 et
263 1856 303 1897 in
328 1857 544 1913 Scriptura
569 1858 707 1899 divina
732 1862 977 1903 θεόπνευστος
993 1857 1128 1899 omnis
1146 1873 1196 1898 ex
1212 1857 1293 1898 hoc
1317 1857 1424 1898 dici-

74 1936 157 1975 tur,
177 1928 289 1982 quod
312 1927 422 1968 Deus
447 1927 641 1984 inspiret,
665 1943 757 1984 quae
784 1928 950 1968 loeutus
973 1936 1034 1969 est
1052 1927 1232 1983 Spiritus
1246 1923 1277 1968 ².

133 1996 261 2039 CXV.
298 1996 383 2038 Aut
421 1998 452 2038 si
492 1999 641 2039 nolunt
672 1997 811 2038 omnia
845 1997 1001 2038 habere
1035 2012 1126 2053 quae
1156 1996 1233 2038 Dei
1265 2005 1363 2038 sunt
1391 2005 1433 2038 et

73 2082 194 2125 posse
216 2067 356 2108 omnia
378 2066 587 2123 Spiritum
611 2075 802 2109 sanctum
818 2098 828 2114 ,
855 2067 996 2108 dicant
1021 2067 1123 2123 quid
1147 2081 1231 2109 non
1256 2066 1408 2107 haheat
1424 2098 1434 2113 ‚

76 2136 227 2193 quidve
250 2151 335 2177 non
361 2136 504 2193 possit.
534 2137 637 2178 Nam
657 2137 766 2178 sicut
788 2136 925 2176 omnia
950 2136 1076 2177 habet
1099 2135 1252 2183 Filius,
1277 2150 1356 2176 nec
1377 2136 1436 2175 in-

77 2207 192 2248 videt
224 2207 346 2248 Pater
382 2207 609 2262 quominus
643 2206 782 2248 omnia
818 2206 1066 2247 naturaliter
1098 2207 1170 2246 det
1205 2205 1333 2255 Filio,
1367 2205 1440 2260 qui

83 2275 199 2317 dedit
219 2277 334 2331 quod
361 2276 497 2332 majus
531 2285 593 2318 est
628 2276 848 2323 omnibus,
881 2276 1239 2330 quemadmodum
1272 2273 1435 2329 Scripta

77 2352 259 2386 testatur
291 2344 433 2386 dicens
455 2360 464 2386 :
492 2346 645 2387 «Pater
672 2345 784 2400 quod
807 2345 919 2385 (ledit
941 2344 1068 2391 mihi,
1098 2343 1235 2399 majus
1261 2351 1324 2383 est
1346 2357 1437 2382 om·-

80 2433 95 2453 »
115 2413 261 2455 nibus³
279 2430 291 2461 ;
312 2433 326 2453 »
353 2414 406 2455 ita
430 2415 555 2457 etiam
590 2415 768 2472 Spiritus
803 2414 955 2455 Christi
982 2415 1130 2462 hahet,
1161 2413 1275 2469 quod
1301 2410 1465 2468 majus*

81 2492 142 2525 est
159 2482 381 2531 omnibus3
404 2484 498 2539 quia
522 2484 680 2540 justitia
705 2484 838 2525 nescit
863 2483 1075 2524 invidiam.

141 2551 286 2594 CXVI.
325 2553 468 2609 Itaque
503 2553 535 2596 si
570 2554 791 2610 diligenter
818 2554 1108 2603 advertamus,
1134 2552 1258 2596 etiam
1285 2551 1353 2594 hic
1385 2552 1444 2594 di·-

130 2651 139 2666 ¹
159 2643 235 2675 lsai.
253 2654 299 2683 vr,
314 2644 347 2676 5.
362 2662 400 2670 -
421 2654 433 2670 ⁸
455 2657 470 2677 2
491 2646 575 2679 Tim.
592 2657 641 2684 nr,
663 2646 713 2679 16.
733 2663 772 2670 —-
799 2647 812 2669 3
838 2645 933 2677 Joan.
960 2655 991 2683 x,
1022 2656 1072 2687 ⁹9·
