<?xml version="1.0" encoding="UTF-8"?>
<!DOCTYPE html PUBLIC "-//W3C//DTD XHTML 1.0 Transitional//EN"
    "http://www.w3.org/TR/xhtml1/DTD/xhtml1-transitional.dtd">
<html xmlns="http://www.w3.org/1999/xhtml" xml:lang="en" lang="en">
 <head>
  <title>
</title>
<meta http-equiv="Content-Type" content="text/html;charset=utf-8" />
  <meta name='ocr-system' content='tesseract 3.04.00' />
  <meta name='ocr-capabilities' content='ocr_page ocr_carea ocr_par ocr_line ocrx_word'/>
</head>
<body>
  <div class='ocr_page' id='page_1' title='image "./omniaequaeextant06ambruoft_0439.png"; bbox 0 0 1768 3283; ppageno 0'>
   <div class='ocr_carea' id='block_1_1' title="bbox 345 295 1364 352">
    <p class='ocr_par' dir='ltr' id='par_1_1' title="bbox 345 295 1364 352">
     <span class='ocr_line' id='line_1_1' title="bbox 345 295 1364 352; baseline 0.004 -20"><span class='ocrx_word' id='word_1_1' title='bbox 345 305 396 332; x_wconf 83' lang='lat' dir='ltr'>DE</span> <span class='ocrx_word' id='word_1_2' title='bbox 430 303 588 332; x_wconf 67' lang='lat' dir='ltr'>svm-ru</span> <span class='ocrx_word' id='word_1_3' title='bbox 620 303 797 337; x_wconf 73' lang='grc' dir='ltr'><strong>εΑΝοΤο,</strong></span> <span class='ocrx_word' id='word_1_4' title='bbox 831 304 908 331; x_wconf 77' lang='lat' dir='ltr'>Lm.</span> <span class='ocrx_word' id='word_1_5' title='bbox 946 305 1006 332; x_wconf 91' lang='lat'>111.</span> <span class='ocrx_word' id='word_1_6' title='bbox 1281 295 1364 352; x_wconf 74' lang='lat'>419</span> 
     </span>
    </p>
   </div>
   <div class='ocr_carea' id='block_1_2' title="bbox 23 382 1384 1628">
    <p class='ocr_par' dir='ltr' id='par_1_2' title="bbox 23 382 1381 1137">
     <span class='ocr_line' id='line_1_2' title="bbox 23 382 1365 440; baseline 0.001 -16"><span class='ocrx_word' id='word_1_7' title='bbox 23 403 38 424; x_wconf 88' lang='lat'>»</span> <span class='ocrx_word' id='word_1_8' title='bbox 51 385 204 430; x_wconf 80' lang='lat' dir='ltr'>lantes,</span> <span class='ocrx_word' id='word_1_9' title='bbox 243 383 294 424; x_wconf 82' lang='lat' dir='ltr'>ad</span> <span class='ocrx_word' id='word_1_10' title='bbox 320 384 512 424; x_wconf 83' lang='lat' dir='ltr'>eamdem</span> <span class='ocrx_word' id='word_1_11' title='bbox 550 382 773 438; x_wconf 79' lang='lat' dir='ltr'>imaginem</span> <span class='ocrx_word' id='word_1_12' title='bbox 796 382 1074 423; x_wconf 74' lang='lat' dir='ltr'>reformamur</span> <span class='ocrx_word' id='word_1_13' title='bbox 1102 398 1126 432; x_wconf 24' lang='lat' dir='ltr'>a*</span> <span class='ocrx_word' id='word_1_14' title='bbox 1156 384 1287 440; x_wconf 82' lang='lat' dir='ltr'>gloria</span> <span class='ocrx_word' id='word_1_15' title='bbox 1324 385 1365 426; x_wconf 89' lang='lat' dir='ltr'>in</span> 
     </span>
     <span class='ocr_line' id='line_1_3' title="bbox 24 451 1367 511; baseline 0.001 -17"><span class='ocrx_word' id='word_1_16' title='bbox 24 454 226 511; x_wconf 76' lang='lat' dir='ltr'>»gloriam</span> <span class='ocrx_word' id='word_1_17' title='bbox 243 485 254 502; x_wconf 93' lang='lat'><strong>,</strong></span> <span class='ocrx_word' id='word_1_18' title='bbox 279 453 386 495; x_wconf 86' lang='lat' dir='ltr'>sicut</span> <span class='ocrx_word' id='word_1_19' title='bbox 410 467 431 493; x_wconf 80' lang='lat' dir='ltr'>a</span> <span class='ocrx_word' id='word_1_20' title='bbox 449 452 615 493; x_wconf 86' lang='lat' dir='ltr'>Domini</span> <span class='ocrx_word' id='word_1_21' title='bbox 633 451 833 509; x_wconf 75' lang='lat' dir='ltr'>Spiritu¹‚</span> <span class='ocrx_word' id='word_1_22' title='bbox 859 452 940 494; x_wconf 90' lang='lat' dir='ltr'>hoc</span> <span class='ocrx_word' id='word_1_23' title='bbox 963 461 1024 494; x_wconf 86' lang='lat' dir='ltr'>est</span> <span class='ocrx_word' id='word_1_24' title='bbox 1049 453 1119 508; x_wconf 89' lang='lat' dir='ltr'>qui</span> <span class='ocrx_word' id='word_1_25' title='bbox 1148 455 1196 495; x_wconf 78' lang='lat' dir='ltr'>ad</span> <span class='ocrx_word' id='word_1_26' title='bbox 1218 455 1367 495; x_wconf 82' lang='lat' dir='ltr'>Domi-</span> 
     </span>
     <span class='ocr_line' id='line_1_4' title="bbox 26 522 1373 580; baseline 0 -14"><span class='ocrx_word' id='word_1_27' title='bbox 26 540 128 568; x_wconf 88' lang='lat' dir='ltr'>num</span> <span class='ocrx_word' id='word_1_28' title='bbox 150 538 294 565; x_wconf 88' lang='lat' dir='ltr'>snmus</span> <span class='ocrx_word' id='word_1_29' title='bbox 320 531 414 564; x_wconf 79' lang='lat' dir='ltr'>ante</span> <span class='ocrx_word' id='word_1_30' title='bbox 437 522 651 574; x_wconf 79' lang='lat' dir='ltr'>conversi,</span> <span class='ocrx_word' id='word_1_31' title='bbox 677 530 721 563; x_wconf 83' lang='lat' dir='ltr'>ut</span> <span class='ocrx_word' id='word_1_32' title='bbox 744 522 918 579; x_wconf 79' lang='lat' dir='ltr'>spiritali</span> <span class='ocrx_word' id='word_1_33' title='bbox 943 523 1158 566; x_wconf 80' lang='lat' dir='ltr'>intellectu</span> <span class='ocrx_word' id='word_1_34' title='bbox 1191 525 1307 580; x_wconf 82' lang='lat' dir='ltr'>quasi</span> <span class='ocrx_word' id='word_1_35' title='bbox 1331 526 1373 566; x_wconf 90' lang='lat' dir='ltr'>in</span> 
     </span>
     <span class='ocr_line' id='line_1_5' title="bbox 29 592 1366 651; baseline -0.001 -15"><span class='ocrx_word' id='word_1_36' title='bbox 29 595 207 651; x_wconf 83' lang='lat' dir='ltr'>quodam</span> <span class='ocrx_word' id='word_1_37' title='bbox 219 594 389 650; x_wconf 84' lang='lat' dir='ltr'>speculo</span> <span class='ocrx_word' id='word_1_38' title='bbox 408 592 718 649; x_wconf 77' lang='lat' dir='ltr'>Scripturarum</span> <span class='ocrx_word' id='word_1_39' title='bbox 739 593 906 634; x_wconf 83' lang='lat' dir='ltr'>Domini</span> <span class='ocrx_word' id='word_1_40' title='bbox 925 593 1100 649; x_wconf 81' lang='lat' dir='ltr'>gloriam</span> <span class='ocrx_word' id='word_1_41' title='bbox 1113 593 1366 645; x_wconf 82' lang='lat' dir='ltr'>videremus,</span> 
     </span>
     <span class='ocr_line' id='line_1_6' title="bbox 30 662 1370 719; baseline -0.001 -12"><span class='ocrx_word' id='word_1_42' title='bbox 30 679 140 707; x_wconf 89' lang='lat' dir='ltr'>nunc</span> <span class='ocrx_word' id='word_1_43' title='bbox 165 663 214 704; x_wconf 88' lang='lat' dir='ltr'>ab</span> <span class='ocrx_word' id='word_1_44' title='bbox 238 662 317 704; x_wconf 82' lang='lat' dir='ltr'>hac</span> <span class='ocrx_word' id='word_1_45' title='bbox 350 663 476 719; x_wconf 80' lang='lat' dir='ltr'>gloria</span> <span class='ocrx_word' id='word_1_46' title='bbox 502 677 593 718; x_wconf 85' lang='lat' dir='ltr'>quae</span> <span class='ocrx_word' id='word_1_47' title='bbox 616 678 690 703; x_wconf 86' lang='lat' dir='ltr'>nos</span> <span class='ocrx_word' id='word_1_48' title='bbox 718 664 924 704; x_wconf 83' lang='lat' dir='ltr'>convertit</span> <span class='ocrx_word' id='word_1_49' title='bbox 959 664 1009 704; x_wconf 81' lang='lat' dir='ltr'>ad</span> <span class='ocrx_word' id='word_1_50' title='bbox 1039 664 1266 706; x_wconf 86' lang='lat' dir='ltr'>Dominum</span> <span class='ocrx_word' id='word_1_51' title='bbox 1286 697 1296 712; x_wconf 91' lang='lat'><em>,</em></span> <span class='ocrx_word' id='word_1_52' title='bbox 1330 664 1370 706; x_wconf 90' lang='lat' dir='ltr'>in</span> 
     </span>
     <span class='ocr_line' id='line_1_7' title="bbox 31 731 1372 789; baseline 0.001 -14"><span class='ocrx_word' id='word_1_53' title='bbox 31 734 141 776; x_wconf 80' lang='lat' dir='ltr'>illam</span> <span class='ocrx_word' id='word_1_54' title='bbox 164 734 376 775; x_wconf 81' lang='lat' dir='ltr'>coelestem</span> <span class='ocrx_word' id='word_1_55' title='bbox 404 732 576 788; x_wconf 75' lang='lat' dir='ltr'>gloriam</span> <span class='ocrx_word' id='word_1_56' title='bbox 597 732 888 774; x_wconf 75' lang='lat' dir='ltr'>reformamur.</span> <span class='ocrx_word' id='word_1_57' title='bbox 928 733 1037 789; x_wconf 76' lang='lat' dir='ltr'>Ergo</span> <span class='ocrx_word' id='word_1_58' title='bbox 1060 749 1154 775; x_wconf 87' lang='lat' dir='ltr'>cum</span> <span class='ocrx_word' id='word_1_59' title='bbox 1169 731 1372 776; x_wconf 87' lang='lat' dir='ltr'>Dominus</span> 
     </span>
     <span class='ocr_line' id='line_1_8' title="bbox 30 801 1374 859; baseline 0 -14"><span class='ocrx_word' id='word_1_60' title='bbox 30 803 81 845; x_wconf 81' lang='lat' dir='ltr'>sit</span> <span class='ocrx_word' id='word_1_61' title='bbox 109 804 161 844; x_wconf 82' lang='lat' dir='ltr'>ad</span> <span class='ocrx_word' id='word_1_62' title='bbox 187 817 311 858; x_wconf 84' lang='lat' dir='ltr'>quem</span> <span class='ocrx_word' id='word_1_63' title='bbox 347 801 655 850; x_wconf 80' lang='lat' dir='ltr'>convertimur,</span> <span class='ocrx_word' id='word_1_64' title='bbox 679 802 882 843; x_wconf 82' lang='lat' dir='ltr'>Dominus</span> <span class='ocrx_word' id='word_1_65' title='bbox 911 810 1048 843; x_wconf 81' lang='lat' dir='ltr'>autem</span> <span class='ocrx_word' id='word_1_66' title='bbox 1074 802 1252 859; x_wconf 80' lang='lat' dir='ltr'>Spiritus</span> <span class='ocrx_word' id='word_1_67' title='bbox 1274 804 1324 844; x_wconf 85' lang='lat' dir='ltr'>sit</span> <span class='ocrx_word' id='word_1_68' title='bbox 1354 819 1374 845; x_wconf 83' lang='lat' dir='ltr'>a</span> 
     </span>
     <span class='ocr_line' id='line_1_9' title="bbox 31 869 1379 928; baseline 0.001 -15"><span class='ocrx_word' id='word_1_69' title='bbox 31 886 113 928; x_wconf 89' lang='lat' dir='ltr'>quo</span> <span class='ocrx_word' id='word_1_70' title='bbox 132 871 411 913; x_wconf 84' lang='lat' dir='ltr'>reformamur</span> <span class='ocrx_word' id='word_1_71' title='bbox 427 902 437 919; x_wconf 91' lang='lat'>‚</span> <span class='ocrx_word' id='word_1_72' title='bbox 464 869 535 926; x_wconf 90' lang='lat' dir='ltr'>qui</span> <span class='ocrx_word' id='word_1_73' title='bbox 563 871 753 912; x_wconf 79' lang='lat' dir='ltr'>conversi</span> <span class='ocrx_word' id='word_1_74' title='bbox 777 872 829 912; x_wconf 82' lang='lat' dir='ltr'>ad</span> <span class='ocrx_word' id='word_1_75' title='bbox 847 871 1075 912; x_wconf 85' lang='lat' dir='ltr'>Dominum</span> <span class='ocrx_word' id='word_1_76' title='bbox 1105 887 1247 914; x_wconf 87' lang='lat' dir='ltr'>sumus</span> <span class='ocrx_word' id='word_1_77' title='bbox 1264 905 1274 920; x_wconf 90' lang='lat'>‚</span> <span class='ocrx_word' id='word_1_78' title='bbox 1298 873 1379 914; x_wconf 90' lang='lat' dir='ltr'>Do-</span> 
     </span>
     <span class='ocr_line' id='line_1_10' title="bbox 31 940 1378 998; baseline -0.001 -15"><span class='ocrx_word' id='word_1_79' title='bbox 31 942 170 984; x_wconf 87' lang='lat' dir='ltr'>minus</span> <span class='ocrx_word' id='word_1_80' title='bbox 197 940 344 996; x_wconf 84' lang='lat' dir='ltr'>utique</span> <span class='ocrx_word' id='word_1_81' title='bbox 367 940 546 996; x_wconf 80' lang='lat' dir='ltr'>Spiritus</span> <span class='ocrx_word' id='word_1_82' title='bbox 570 948 739 981; x_wconf 81' lang='lat' dir='ltr'>sanctus</span> <span class='ocrx_word' id='word_1_83' title='bbox 766 948 828 981; x_wconf 89' lang='lat' dir='ltr'>est</span> <span class='ocrx_word' id='word_1_84' title='bbox 861 940 1098 996; x_wconf 75' lang='lat' dir='ltr'>designatus</span> <span class='ocrx_word' id='word_1_85' title='bbox 1114 949 1139 988; x_wconf 81' lang='lat'>;&#39;</span> <span class='ocrx_word' id='word_1_86' title='bbox 1159 940 1244 998; x_wconf 91' lang='lat' dir='ltr'>ipse</span> <span class='ocrx_word' id='word_1_87' title='bbox 1265 941 1378 982; x_wconf 90' lang='lat' dir='ltr'>enim</span> 
     </span>
     <span class='ocr_line' id='line_1_11' title="bbox 35 1009 1381 1067; baseline 0 -14"><span class='ocrx_word' id='word_1_88' title='bbox 35 1025 255 1053; x_wconf 89' lang='lat' dir='ltr'>conversos</span> <span class='ocrx_word' id='word_1_89' title='bbox 274 1010 471 1066; x_wconf 83' lang='lat' dir='ltr'>suscipit,</span> <span class='ocrx_word' id='word_1_90' title='bbox 491 1009 561 1065; x_wconf 89' lang='lat' dir='ltr'>qui</span> <span class='ocrx_word' id='word_1_91' title='bbox 579 1009 791 1053; x_wconf 77' lang='lat' dir='ltr'>reformat.</span> <span class='ocrx_word' id='word_1_92' title='bbox 818 1009 922 1053; x_wconf 72' lang='lat' dir='ltr'>Nam</span> <span class='ocrx_word' id='word_1_93' title='bbox 947 1012 1161 1066; x_wconf 84' lang='lat' dir='ltr'>quomodo</span> <span class='ocrx_word' id='word_1_94' title='bbox 1178 1026 1281 1067; x_wconf 85' lang='lat' dir='ltr'>quos</span> <span class='ocrx_word' id='word_1_95' title='bbox 1295 1026 1381 1053; x_wconf 87' lang='lat' dir='ltr'>non</span> 
     </span>
     <span class='ocr_line' id='line_1_12' title="bbox 35 1079 604 1137; baseline -0.005 -14"><span class='ocrx_word' id='word_1_96' title='bbox 35 1088 272 1137; x_wconf 81' lang='lat' dir='ltr'>susceperat</span> <span class='ocrx_word' id='word_1_97' title='bbox 293 1112 303 1128; x_wconf 92' lang='lat'><strong>,</strong></span> <span class='ocrx_word' id='word_1_98' title='bbox 326 1079 604 1121; x_wconf 65' lang='lat' dir='ltr'>reformaret?</span> 
     </span>
    </p>

    <p class='ocr_par' dir='ltr' id='par_1_3' title="bbox 29 1149 1384 1628">
     <span class='ocr_line' id='line_1_13' title="bbox 95 1149 1377 1206; baseline 0.002 -15"><span class='ocrx_word' id='word_1_99' title='bbox 95 1149 178 1192; x_wconf 88' lang='lat' dir='ltr'>CV.</span> <span class='ocrx_word' id='word_1_100' title='bbox 219 1149 470 1205; x_wconf 78' lang='lat' dir='ltr'>Quanquam</span> <span class='ocrx_word' id='word_1_101' title='bbox 502 1149 604 1206; x_wconf 80' lang='lat' dir='ltr'>quid</span> <span class='ocrx_word' id='word_1_102' title='bbox 630 1149 941 1206; x_wconf 86' lang='lat' dir='ltr'>expressionem</span> <span class='ocrx_word' id='word_1_103' title='bbox 977 1149 1201 1206; x_wconf 75' lang='lat' dir='ltr'>quaerimus</span> <span class='ocrx_word' id='word_1_104' title='bbox 1228 1151 1344 1193; x_wconf 91' lang='lat' dir='ltr'>vocis</span> <span class='ocrx_word' id='word_1_105' title='bbox 1366 1183 1377 1200; x_wconf 91' lang='lat'><strong>,</strong></span> 
     </span>
     <span class='ocr_line' id='line_1_14' title="bbox 37 1219 1379 1276; baseline 0.001 -16"><span class='ocrx_word' id='word_1_106' title='bbox 37 1219 109 1260; x_wconf 86' lang='lat' dir='ltr'>ubi</span> <span class='ocrx_word' id='word_1_107' title='bbox 131 1220 441 1276; x_wconf 85' lang='lat' dir='ltr'>expressionem</span> <span class='ocrx_word' id='word_1_108' title='bbox 464 1219 674 1261; x_wconf 84' lang='lat' dir='ltr'>cernimus</span> <span class='ocrx_word' id='word_1_109' title='bbox 695 1220 894 1261; x_wconf 80' lang='lat' dir='ltr'>unitatis?</span> <span class='ocrx_word' id='word_1_110' title='bbox 926 1220 1028 1262; x_wconf 83' lang='lat' dir='ltr'>Nam</span> <span class='ocrx_word' id='word_1_111' title='bbox 1057 1222 1132 1262; x_wconf 84' lang='lat' dir='ltr'>etsi</span> <span class='ocrx_word' id='word_1_112' title='bbox 1151 1222 1379 1263; x_wconf 88' lang='lat' dir='ltr'>Dominum</span> 
     </span>
     <span class='ocr_line' id='line_1_15' title="bbox 36 1287 1382 1346; baseline 0.002 -18"><span class='ocrx_word' id='word_1_113' title='bbox 36 1287 322 1345; x_wconf 68' lang='lat' dir='ltr'>spiritumque</span> <span class='ocrx_word' id='word_1_114' title='bbox 341 1289 568 1346; x_wconf 83' lang='lat' dir='ltr'>distinguas</span> <span class='ocrx_word' id='word_1_115' title='bbox 587 1305 598 1337; x_wconf 91' lang='lat'>;</span> <span class='ocrx_word' id='word_1_116' title='bbox 624 1304 776 1346; x_wconf 76' lang='lat' dir='ltr'>negare</span> <span class='ocrx_word' id='word_1_117' title='bbox 795 1298 934 1330; x_wconf 74' lang='lat' dir='ltr'>tamen</span> <span class='ocrx_word' id='word_1_118' title='bbox 950 1304 1034 1331; x_wconf 85' lang='lat' dir='ltr'>uon</span> <span class='ocrx_word' id='word_1_119' title='bbox 1056 1298 1173 1346; x_wconf 87' lang='lat' dir='ltr'>potes</span> <span class='ocrx_word' id='word_1_120' title='bbox 1196 1291 1292 1346; x_wconf 83' lang='lat' dir='ltr'>quia</span> <span class='ocrx_word' id='word_1_121' title='bbox 1310 1289 1382 1331; x_wconf 88' lang='lat' dir='ltr'>ubi</span> 
     </span>
     <span class='ocr_line' id='line_1_16' title="bbox 29 1357 1378 1416; baseline 0.001 -15"><span class='ocrx_word' id='word_1_122' title='bbox 29 1357 256 1409; x_wconf 79' lang='lat' dir='ltr'>Dominus,</span> <span class='ocrx_word' id='word_1_123' title='bbox 285 1359 340 1400; x_wconf 91' lang='lat' dir='ltr'>ibi</span> <span class='ocrx_word' id='word_1_124' title='bbox 364 1367 405 1400; x_wconf 81' lang='lat' dir='ltr'>et</span> <span class='ocrx_word' id='word_1_125' title='bbox 423 1358 600 1416; x_wconf 75' lang='lat' dir='ltr'>Spiritus</span> <span class='ocrx_word' id='word_1_126' title='bbox 627 1375 634 1401; x_wconf 96' lang='lat'><strong>:</strong></span> <span class='ocrx_word' id='word_1_127' title='bbox 662 1368 702 1401; x_wconf 84' lang='lat' dir='ltr'>et</span> <span class='ocrx_word' id='word_1_128' title='bbox 724 1360 794 1416; x_wconf 90' lang='lat' dir='ltr'>qui</span> <span class='ocrx_word' id='word_1_129' title='bbox 821 1359 947 1401; x_wconf 86' lang='lat' dir='ltr'>suerit</span> <span class='ocrx_word' id='word_1_130' title='bbox 968 1374 1193 1402; x_wconf 84' lang='lat' dir='ltr'>conversus</span> <span class='ocrx_word' id='word_1_131' title='bbox 1219 1361 1271 1401; x_wconf 85' lang='lat' dir='ltr'>ad</span> <span class='ocrx_word' id='word_1_132' title='bbox 1291 1360 1378 1402; x_wconf 92' lang='lat' dir='ltr'>Do-</span> 
     </span>
     <span class='ocr_line' id='line_1_17' title="bbox 32 1427 1384 1486; baseline 0.001 -18"><span class='ocrx_word' id='word_1_133' title='bbox 32 1427 216 1476; x_wconf 86' lang='lat' dir='ltr'>minum,</span> <span class='ocrx_word' id='word_1_134' title='bbox 243 1428 320 1470; x_wconf 91' lang='lat' dir='ltr'>erit</span> <span class='ocrx_word' id='word_1_135' title='bbox 337 1442 562 1470; x_wconf 86' lang='lat' dir='ltr'>conversus</span> <span class='ocrx_word' id='word_1_136' title='bbox 581 1431 631 1471; x_wconf 87' lang='lat' dir='ltr'>ad</span> <span class='ocrx_word' id='word_1_137' title='bbox 644 1429 860 1486; x_wconf 79' lang='lat' dir='ltr'>Spiritum.</span> <span class='ocrx_word' id='word_1_138' title='bbox 884 1429 927 1471; x_wconf 90' lang='lat' dir='ltr'>Si</span> <span class='ocrx_word' id='word_1_139' title='bbox 947 1430 1128 1471; x_wconf 79' lang='lat' dir='ltr'>litteram</span> <span class='ocrx_word' id='word_1_140' title='bbox 1151 1428 1384 1471; x_wconf 83' lang='lat' dir='ltr'>calumnia·</span> 
     </span>
     <span class='ocr_line' id='line_1_18' title="bbox 31 1496 1377 1549; baseline 0.001 -11"><span class='ocrx_word' id='word_1_141' title='bbox 31 1496 85 1538; x_wconf 86' lang='lat' dir='ltr'>ris</span> <span class='ocrx_word' id='word_1_142' title='bbox 104 1529 115 1546; x_wconf 89' lang='lat'><strong>,</strong></span> <span class='ocrx_word' id='word_1_143' title='bbox 143 1497 347 1540; x_wconf 82' lang='lat' dir='ltr'>unitatem</span> <span class='ocrx_word' id='word_1_144' title='bbox 371 1513 454 1539; x_wconf 89' lang='lat' dir='ltr'>non</span> <span class='ocrx_word' id='word_1_145' title='bbox 481 1498 681 1541; x_wconf 79' lang='lat' dir='ltr'>inficiaris</span> <span class='ocrx_word' id='word_1_146' title='bbox 705 1515 713 1540; x_wconf 94' lang='lat'>:</span> <span class='ocrx_word' id='word_1_147' title='bbox 738 1499 770 1541; x_wconf 90' lang='lat' dir='ltr'>si</span> <span class='ocrx_word' id='word_1_148' title='bbox 793 1499 1003 1542; x_wconf 85' lang='lat' dir='ltr'>unitatem</span> <span class='ocrx_word' id='word_1_149' title='bbox 1032 1500 1092 1541; x_wconf 86' lang='lat' dir='ltr'>vis</span> <span class='ocrx_word' id='word_1_150' title='bbox 1124 1514 1344 1543; x_wconf 85' lang='lat' dir='ltr'>secernere</span> <span class='ocrx_word' id='word_1_151' title='bbox 1363 1530 1377 1549; x_wconf 87' lang='lat'><em>,</em></span> 
     </span>
     <span class='ocr_line' id='line_1_19' title="bbox 32 1568 1122 1628; baseline 0.004 -20"><span class='ocrx_word' id='word_1_152' title='bbox 32 1569 246 1625; x_wconf 84' lang='lat' dir='ltr'>potestatis</span> <span class='ocrx_word' id='word_1_153' title='bbox 258 1568 486 1612; x_wconf 87' lang='lat' dir='ltr'>Dominum</span> <span class='ocrx_word' id='word_1_154' title='bbox 510 1569 648 1627; x_wconf 86' lang='lat' dir='ltr'>ipsum</span> <span class='ocrx_word' id='word_1_155' title='bbox 670 1569 873 1628; x_wconf 81' lang='lat' dir='ltr'>Spiritum</span> <span class='ocrx_word' id='word_1_156' title='bbox 893 1569 1122 1613; x_wconf 86' lang='lat' dir='ltr'>confiteris.</span> 
     </span>
    </p>
   </div>
   <div class='ocr_carea' id='block_1_3' title="bbox 81 1677 359 1718">
    <p class='ocr_par' dir='ltr' id='par_1_4' title="bbox 81 1677 359 1718">
     <span class='ocr_line' id='line_1_20' title="bbox 81 1677 359 1718; baseline 0.007 -9"><span class='ocrx_word' id='word_1_157' title='bbox 81 1684 89 1699; x_wconf 89' lang='lat'>¹</span> <span class='ocrx_word' id='word_1_158' title='bbox 107 1688 123 1709; x_wconf 88' lang='lat'>2</span> <span class='ocrx_word' id='word_1_159' title='bbox 142 1677 218 1711; x_wconf 86' lang='lat' dir='ltr'>Cor.</span> <span class='ocrx_word' id='word_1_160' title='bbox 239 1689 291 1718; x_wconf 85' lang='lat' dir='ltr'>ln,</span> <span class='ocrx_word' id='word_1_161' title='bbox 311 1678 359 1711; x_wconf 80' lang='lat'>18.</span> 
     </span>
    </p>
   </div>
   <div class='ocr_carea' id='block_1_4' title="bbox 1179 2699 1245 2737">
    <p class='ocr_par' dir='ltr' id='par_1_5' title="bbox 1179 2699 1245 2737">
     <span class='ocr_line' id='line_1_21' title="bbox 1179 2699 1245 2737; baseline -0.03 -11"><span class='ocrx_word' id='word_1_162' title='bbox 1179 2699 1245 2737; x_wconf 80' lang='lat'>27.</span> 
     </span>
    </p>
   </div>
  </div>
 </body>
</html>
