1768 3283
352 305 436 356 456
905 315 934 341 s.
975 313 1166 341 AMnRosn

414 394 596 437 XXXII.
635 394 712 435 Hic
735 406 832 448 ergo
864 391 1053 446 quiante
1076 391 1305 439 reticebat,
1340 400 1387 433 ut
1424 393 1594 433 doceret
1624 405 1697 433 nos

356 466 469 522 quod
492 463 717 520 impiorum
747 476 826 502 nec
848 461 1024 502 verbum
1043 461 1272 501 debeamus
1300 460 1451 502 iterare
1484 477 1494 501 ε
1519 461 1611 509 hic,
1636 460 1698 502 in-

357 550 481 592 quam
497 567 507 583 ,
534 534 605 575 ubi
629 532 783 574 audivit
805 546 846 572 :a
866 531 945 573 Vos
961 539 1101 571 autem
1124 530 1226 585 quid
1247 545 1312 571 me
1335 529 1490 572 dicitis¹
1509 529 1544 571 P»
1559 529 1699 572 statim

354 605 436 647 loci
460 619 544 645 non
568 604 791 644 immemor
818 601 906 649 sui,
937 600 1163 657 primatum
1195 600 1280 656 ogit
1304 615 1312 640 ε
1341 600 1565 656 primatum
1597 612 1700 640 con-

352 673 542 715 sessionis
565 672 711 728 utique
727 703 737 721 ‚
757 686 839 712 non
864 669 1034 712 honoris
1055 686 1065 717 3
1093 670 1322 726 primatum
1346 669 1440 709 fidei
1460 702 1468 716 ,
1493 683 1576 710 non
1593 667 1701 708 ordi-

354 743 431 784 nis.
458 742 547 783 Hoc
569 750 631 782 est
653 742 796 782 dicere
823 756 832 782 ε
862 740 982 782 Nunc
1015 754 1139 780 nemo
1162 754 1229 780 me
1256 739 1416 786 vincat,
1449 752 1562 779 nunc
1598 750 1701 777 meae

353 820 491 871 partes
510 822 607 854 sunt
624 828 632 853 :
649 813 781 854 debeo
800 825 1072 868 compensare
1088 811 1201 866 quod
1219 810 1347 858 tacui,
1366 809 1490 851 debet
1506 809 1703 865 prodesse

355 887 467 941 quod
495 884 602 926 silui.
642 884 801 940 Lingua
830 897 921 924 mea
945 882 1182 923 nonhabet
1209 881 1370 937 spinas,
1407 880 1494 921 sine
1523 878 1704 935 impedi-

354 964 497 998 mento
522 954 624 996 fides
649 954 775 995 debet
798 953 922 995 exire.
964 954 1073 994 Dum
1093 952 1159 993 alii
1184 967 1374 1000 coenum,
1405 951 1547 992 alienae
1578 949 1700 999 licet,

356 1030 530 1085 prolatae
552 1036 692 1069 tamen
715 1026 940 1082 impietatis
962 1033 1194 1071 ovacuant,
1226 1023 1296 1078 qui
1329 1030 1399 1063 ant
1430 1021 1607 1070 Eliam²,
1635 1031 1707 1064 aut

357 1097 636 1146 Hieremiam,
664 1106 735 1139 aut
757 1110 889 1137 unum
915 1109 964 1136 ex
986 1093 1206 1150 Prophetis
1231 1093 1444 1134 Christum
1474 1108 1563 1134 esse
1597 1092 1708 1134 dixe·

357 1178 482 1217 runt,·
513 1169 661 1211 habuit
687 1168 798 1209 enim
821 1167 896 1209 ista
917 1181 998 1208 vox
1023 1180 1189 1207 coenum
1211 1198 1221 1213 ,
1244 1164 1393 1206 habuit
1416 1164 1491 1206 ista
1514 1179 1593 1205 vox
1622 1164 1706 1220 spi-

358 1256 431 1282 nas
457 1256 465 1281 :
494 1242 592 1281 dum
620 1239 706 1287 alii,
732 1238 900 1294 inquam
917 1269 927 1284 ,
956 1236 1037 1277 hoc
1054 1237 1192 1277 lavant
1215 1250 1404 1284 coenum,
1434 1234 1534 1275 dum
1554 1235 1594 1275 in
1619 1233 1705 1275 aliis

358 1314 595 1355 enodantur
609 1310 674 1351 hae
697 1309 823 1365 spinae
842 1340 851 1356 ,
878 1321 956 1348 vox
976 1315 1117 1348 nostra
1141 1306 1294 1348 Filium
1312 1306 1388 1348 Dei
1411 1305 1624 1347 Christum
1639 1320 1707 1347 re-

360 1385 498 1425 sultet.
536 1381 637 1423 Mihi
666 1395 795 1437 purus
823 1386 884 1420 est
909 1392 1046 1420 sermo
1063 1409 1073 1425 ,
1099 1377 1166 1418 cui
1189 1377 1323 1418 nullas
1356 1376 1493 1433 spinas
1515 1391 1708 1433 expressa

359 1452 527 1508 reliquit
553 1450 758 1508 impietas⁸

420 1523 618 1566 XXXIII.
658 1521 735 1563 Hic
756 1529 818 1562 est
835 1534 932 1577 ergo
949 1519 1096 1561 Petrus
1119 1519 1188 1575 qui
1213 1518 1428 1576 respondit
1446 1533 1521 1576 pro
1548 1518 1708 1561 caeteris

361 1594 570 1652 Apostolis
585 1626 595 1641 ,
617 1593 701 1634 imo
720 1607 803 1649 prae
822 1591 1002 1638 caeteri53
1022 1599 1064 1632 et
1085 1591 1178 1632 ideo
1199 1590 1517 1632 fundamentum
1538 1589 1706 1638 dicitur,

362 1666 458 1722 quia
480 1664 594 1706 novit
617 1678 700 1705 non
728 1664 861 1703 solum
884 1662 1121 1718 proprium,
1147 1662 1218 1703 sed
1240 1661 1364 1702 etiam
1387 1676 1612 1703 commune
1629 1676 1710 1703 ser-

364 1751 473 1777 vare.
503 1735 610 1776 Huic
634 1734 877 1790 astipulatus
903 1741 965 1774 est
987 1732 1198 1779 Christus,
1222 1732 1419 1774 revelavit
1440 1732 1573 1774 Pater.
1605 1719 1723 1775 Nam*

367 1806 438 1862 qui
457 1821 596 1847 veram
619 1803 931 1861 generationem
956 1803 1144 1859 loquitur
1164 1803 1320 1851 Patris,
1345 1818 1366 1844 a
1382 1803 1503 1845 Patre
1528 1817 1711 1859 assump-

365 1876 438 1925 sit,
458 1891 541 1918 non
564 1875 742 1932 sumpsit
761 1889 811 1916 ex
831 1889 969 1916 carne.

411 1984 421 2000 ¹
439 1975 558 2008 Matth.
578 1976 710 2009 xx1.15.
726 1993 766 1998 -
787 1984 797 1998 2
815 1972 971 2012 lbid.14.
985 1991 1022 1998 —-
1040 1974 1054 1996 ³
1073 1972 1158 2005 Ibid.
1184 1974 1235 2005 16.
