1768 3283
521 284 572 311 1)ss
606 284 716 317 Finti,
754 284 831 309 LIB.
870 283 904 309 V.
1318 289 1400 332 209

53 357 242 400 cessione
275 359 506 407 labentem,
542 375 668 416 quam
700 359 903 400 Dominus
931 358 1068 400 adhuc
1099 361 1266 417 proprio
1303 379 1396 405 san-

50 429 174 485 guine
202 444 285 472 non
318 431 572 479 redemerat,
611 431 799 471 nondum
834 428 1020 470 inolitam
1060 428 1277 472 affectibus
1312 449 1400 475 om-

50 499 165 540 nium
203 500 417 542 immodici
465 510 609 543 eontra
653 500 711 542 sas
761 500 931 541 honoris
986 500 1266 555 appetentiam
1322 518 1397 545 suo

50 584 199 612 cruore
231 572 420 614 diluerat.
455 571 728 614 Ilzereditari0
767 570 892 627 igitur
938 570 1089 612 mulier
1124 571 1397 628 delinquebat

47 654 201 682 errore.

104 708 212 752 LXI.
250 710 302 753 Et
325 710 424 768 quid
452 712 606 754 mirum
643 711 675 753 si
714 719 847 753 mater
873 726 948 768 pro
983 709 1164 753 filiorum
1196 728 1393 763 suorum,

47 780 157 834 quod
180 789 241 822 est
265 782 520 824 tolerabilius
542 796 668 838 quam
708 796 782 837 pro
812 796 879 827 se3
904 780 1072 836 quando
1100 781 1224 822 etiam
1256 782 1397 840 Apos-

46 850 117 891 toli
149 850 226 908 ipsi
263 851 371 893 inter
403 867 469 900 se,
499 852 608 893 sicut
640 851 837 908 legimus,
865 851 915 892 de
938 850 1000 892 sni
1033 851 1274 907 praelatione
1302 867 1397 895 cer-

45 922 212 964 tabant¹
233 923 250 963 Ρ

2 982 6 985 ”
103 991 232 1034 LXII.
274 993 365 1036 Non
400 993 545 1036 debuit
574 992 698 1050 igitur
721 992 910 1035 medicus
934 993 1122 1034 omnium
1151 992 1395 1039 destitutam

42 1072 219 1106 matrem
236 1097 246 1112 ,
275 1074 316 1107 et
338 1081 490 1123 (egram
511 1064 651 1106 adhuc
674 1073 859 1106 mentem
887 1065 1056 1121 pudoris
1083 1066 1273 1108 convicio
1297 1083 1396 1109 sau-

43 1137 179 1185 ciare3
205 1152 255 1178 ne
279 1139 489 1194 postulato
512 1137 589 1178 sibi
607 1136 828 1193 superbius
854 1137 1056 1193 denegato
1074 1170 1084 1187 ‚
1110 1139 1226 1194 quasi
1250 1138 1398 1181 inimo-

42 1207 195 1247 deratae
214 1206 423 1262 petitionis
448 1209 643 1248 damnata
667 1214 878 1247 moereret.

99 1276 250 1318 LXIII.
287 1277 478 1333 Denique
501 1277 707 1319 Dominus
739 1276 807 1332 qui
835 1277 1125 1318 honorandam
1150 1278 1275 1321 sciret
1306 1296 1396 1323 esse

40 1346 260 1404 pietatem,
298 1364 380 1389 non
414 1348 610 1396 mulieri,
646 1350 718 1389 sed
750 1347 842 1389 siliis
868 1346 959 1403 ejus
977 1351 1193 1406 respondit
1216 1351 1359 1394 dicens
1382 1367 1391 1393 :

52 1419 260 1461 «Potestis
292 1419 437 1461 bibere
468 1419 664 1466 calicem,
700 1433 824 1473 quem
860 1434 934 1475 ego
968 1419 1178 1462 bibiturus
1216 1437 1306 1463 sum
1327 1422 1344 1463 Ξ)
1368 1444 1382 1461 »

38 1489 285 1532 Dicentibus
310 1499 451 1532 autem
477 1490 584 1542 illis-2:
614 1508 627 1528 (ι
647 1490 900 1537 Possumus3
927 1490 982 1532 ait
1006 1491 1084 1532 illis
1105 1491 1253 1534 Jesns:
1281 1494 1395 1535 Cali-

40 1577 161 1603 ncem
185 1560 353 1617 quidem
381 1575 522 1602 meum
553 1559 730 1607 bibetis3
757 1561 902 1601 sedere
926 1569 1067 1602 autem
1104 1562 1154 1602 ad
1179 1564 1393 1606 dexteram

39 1646 231 1680 »meam,
263 1632 326 1673 vel
346 1632 396 1672 ad
415 1630 623 1672 sinistram
653 1645 737 1672 non
767 1639 828 1671 est
859 1646 1000 1672 meum
1031 1632 1128 1672 dare
1152 1632 1290 1681 vobIs,
1319 1637 1393 1678 scd.

38 1701 218 1756 »quibus
236 1710 426 1758 paratum
453 1709 514 1742 est
538 1717 557 1742 a
582 1702 704 1742 Patre
722 1700 859 1742 meo².
883 1719 896 1739 »

94 1771 239 1815 LXIV.
280 1773 416 1824 Quam
445 1773 606 1829 patiens
628 1781 668 1813 et
691 1773 875 1813 clemens
904 1772 1133 1821 Dominus,
1159 1789 1285 1829 qnam
1311 1776 1391 1817 alta

38 1843 238 1899 sapientia
274 1852 315 1885 et
346 1844 455 1884 bona
490 1842 694 1885 charitas!
728 1841 884 1883 Volens
915 1842 1027 1882 enim
1050 1845 1270 1892 ostendere
1293 1845 1390 1900 qnia

36 1929 120 1955 non
153 1914 480 1971 perfunctoriam
518 1929 606 1955 rem
646 1914 828 1969 aliquam
861 1912 1062 1969 Discipuli
1096 1916 1386 1969 postularent,

36 1986 107 2026 sed
127 1999 218 2026 eam
243 2000 365 2041 quam
390 1984 616 2040 impetrare
641 1999 722 2024 non
745 1991 939 2040 possent,
962 1985 1277 2040 praerogativam
1298 1986 1388 2042 ejus

35 2065 216 2114 patcrnae
235 2055 569 2098 honorificentiae
586 2055 809 2096 reservavit
831 2069 839 2094 :
871 2070 953 2095 non
976 2063 1189 2104 metuens,
1212 2072 1262 2097 ne
1287 2059 1388 2113 qnid

34 2130 115 2188 juri
135 2128 304 2185 proprio
331 2129 571 2184 derogaret,
601 2127 717 2178 «Qui
745 2142 827 2167 non
855 2126 1043 2182 rapinam
1073 2127 1297 2170 arbitratus
1324 2140 1387 2172 est

35 2221 50 2243 n
64 2217 151 2245 esse
170 2217 213 2243 se
236 2201 439 2257 :equalem
459 2201 543 2240 Deo
564 2197 575 2218 ³
602 2215 612 2246 ;
637 2217 651 2237 »
675 2197 799 2238 simul
815 2197 989 2254 diligens
1008 2197 1243 2255 Discipulos
1259 2232 1269 2248 ,
1289 2201 1384 2256 quia

33 2274 142 2315 sicut
178 2271 305 2312 habes
325 2303 334 2319 ,
369 2288 383 2308 <t
413 2271 551 2325 Usque
586 2269 625 2309 in
654 2267 780 2309 finem
813 2268 956 2309 dilexit
981 2283 1050 2309 eos
1070 2268 1101 2317 ¹⁴,
1130 2287 1145 2308 »
1172 2272 1305 2311 noluit
1337 2272 1385 2314 iis

34 2359 136 2400 quos
155 2343 360 2399 diligeret,
385 2340 514 2382 videri
532 2340 646 2396 quod
670 2347 861 2396 peterent
882 2340 1106 2395 denegasse
1128 2354 1135 2379 :
1157 2349 1326 2383 sanctus
1345 2352 1387 2384 ct

32 2414 167 2455 bonus
190 2412 392 2454 Dominus
410 2444 419 2458 ,
455 2411 526 2467 qni
558 2408 699 2451 mallet
732 2409 887 2464 aliquid
906 2409 1166 2450 dissimulare
1191 2413 1241 2452 de
1267 2412 1380 2466 jure,

31 2500 157 2543 quam
181 2485 230 2525 de
249 2482 451 2524 charitate
475 2483 686 2538 deponere
708 2497 716 2521 ;
741 2479 962 2521 «Charitas
984 2479 1095 2520 enim
1118 2480 1279 2536 patiens
1303 2493 1381 2532 est,

78 2596 87 2611 ¹
108 2591 184 2621 Luc.
210 2600 292 2625 xri,
320 2588 368 2626 24.
389 2606 428 2611 —
456 2595 466 2609 ²
495 2585 611 2618 Manli.
633 2597 683 2625 xx,
710 2596 761 2624 22,
779 2585 826 2615 23.
846 2602 883 2607 —-
903 2585 915 2607 3
933 2583 1049 2626 Philip.
1073 2594 1108 2622 ιι,
1133 2583 1165 2616 6.
1187 2602 1223 2608 -—
1252 2588 1262 2613 4
1287 2586 1382 2624 Joan.

31 2656 114 2685 xm,
138 2656 163 2677 ι.

179 2716 260 2746 mx.
1188 2698 1239 2748 ¹4
