1768 3283
233 301 285 327 DE
319 299 483 327 means.
521 297 660 325 noum.
699 297 987 330 sacmmssmro,
1023 298 1100 324 Lm.
1139 299 1165 324 1.
1292 285 1372 334 [051

45 385 274 435 presserat:
296 376 368 418 sed
386 384 524 417 tamen
541 390 594 415 ne
612 373 702 432 quis
721 389 741 415 a
759 374 880 415 Patre
896 373 1099 415 divideret
1115 372 1240 416 Verbi
1262 384 1383 418 aeter-

45 449 242 494 nitatem,
280 454 323 486 ut
345 446 532 486 eamdem
557 445 823 485 crederemus
849 443 973 484 Verbi
996 458 1109 490 esse,
1142 459 1232 499 quae
1256 445 1386 489 Patris

46 527 137 566 est,
165 518 298 558 bonus
324 515 391 556 ille
413 516 598 570 piscator
621 514 810 569 adjunxit
832 514 935 554 :alit
959 513 1139 554 Verbum
1166 523 1255 556 erat
1278 518 1387 572 apud

48 586 273 628 »Deum¹.»
286 586 375 626 Hoc
401 587 513 641 quod
538 585 696 625 dixrrat
714 618 722 630 ‚
749 585 806 625 sic
833 585 1123 626 aestimandum
1145 593 1207 625 est
1229 600 1269 625 :e
1293 586 1391 628 Erat

47 677 62 694 ι»
82 656 286 702 verbum,
314 673 326 692 n
357 656 570 710 quomodo
604 663 692 695 erat
725 655 867 701 Putem
909 653 1105 710 (sitoniam
1146 670 1242 696 cuni
1273 657 1393 700 Patre

49 734 160 772 erat,
183 725 278 766 etin
305 725 421 764 Putre
439 734 526 764 erat
542 756 550 769 ,
567 733 606 764 et
626 727 733 780 apud
749 725 909 765 Patrem
930 733 1019 766 erat
1037 739 1214 781 semper.
1238 727 1395 784 Nempe

51 796 262 852 quomodo
285 794 335 834 de
360 796 477 834 Patre
504 795 695 849 legumus,
722 795 869 839 «Eram
887 795 968 835 »ita
990 802 1030 836 et
1056 796 1106 836 de
1134 795 1270 837 Verbo
1294 798 1397 854 legi-

51 879 144 905 mus
169 881 184 901 «
212 864 322 904 Erat.
353 882 366 898 υ

110 932 262 975 XVIII.
298 933 409 983 Quid
442 933 642 973 discernis
668 933 952 982 intellectum,
989 934 1057 991 qui
1094 950 1173 974 non
1199 933 1401 975 discernis

53 1002 274 1044 auditum?
299 1002 421 1043 Verbi
452 1017 539 1042 esse
568 1003 676 1058 apud
703 1002 864 1043 Patrem
896 1013 958 1045 est
989 1020 997 1045 2
1025 1004 1155 1044 Patris
1186 1017 1275 1043 esse
1306 1018 1402 1044 cuin

58 1073 191 1115 Verbo
210 1081 269 1114 est
285 1088 293 1112 :
307 1074 480 1128 legimus
499 1074 608 1113 enim
626 1073 717 1127 qnia
744 1088 750 1111 :
769 1071 974 1114 «Verbum
989 1082 1077 1114 erat
1095 1074 1203 1129 apud
1222 1073 1395 1114 Deum.»

55 1145 201 1200 ltaque
229 1144 260 1183 si
285 1144 517 1184 secundnm
540 1152 649 1183 lnam
670 1133 910 1198 opinionem
936 1144 1159 1200 aliquando
1180 1159 1260 1184 non
1287 1152 1400 1191 eratg

55 1228 154 1269 ergo
173 1212 404 1253 secundnm
426 1222 537 1252 tuam
555 1213 794 1268 opinionem
815 1222 857 1253 et
876 1213 905 1253 is
922 1213 961 1253 in
979 1213 1185 1269 principio
1205 1227 1285 1253 uon
1298 1221 1406 1261 erat,

58 1285 167 1340 apud
192 1298 314 1338 quem
339 1291 428 1323 erat
461 1282 658 1324 Verbum,
686 1284 763 1323 Per
790 1282 971 1324 Verbum
1002 1283 1114 1324 enim
1147 1284 1274 1324 audio
1297 1315 1307 1331 ‚
1333 1299 1407 1339 per

58 1354 241 1396 Verbum
282 1354 467 1408 intelligo
502 1353 597 1408 quia
635 1353 744 1394 Deus
774 1362 874 1394 erat.
916 1354 1019 1395 Nam
1046 1354 1077 1394 si
1102 1354 1405 1410 sempiternum

58 1423 247 1466 Verbum
271 1439 360 1464 esse
384 1424 605 1464 credidero
628 1455 638 1471 ,
665 1424 777 1479 quod
801 1425 926 1464 credo
944 1456 954 1473 ‚
976 1439 1057 1465 non
1080 1439 1247 1480 possum
1268 1425 1319 1465 de
1339 1424 1410 1466 Pa-

60 1495 133 1537 tris
156 1495 389 1536 aeternitate
409 1495 624 1542 dubitare,
651 1494 771 1550 cnjus
793 1503 974 1535 {eternus
996 1504 1058 1536 est
1079 1495 1220 1536 Filius.
1247 1493 1290 1535 Si
1309 1503 1410 1536 tem·

60 1567 245 1623 poralem
269 1565 582 1621 generationem
609 1579 699 1620 ejus
721 1565 912 1605 existimo
931 1596 942 1612 ‚
966 1565 1109 1621 incipit
1128 1565 1412 1606 communita-

62 1646 142 1678 tem
163 1636 318 1677 habere
338 1635 583 1682 uobiscum3
604 1644 648 1676 ut
669 1635 855 1676 videatur
875 1636 995 1676 Pater
1013 1650 1101 1676 esse
1115 1636 1287 1691 coepisse
1308 1650 1316 1676 :
1337 1637 1411 1678 sed

61 1708 92 1748 si
120 1708 170 1748 de
191 1706 312 1748 Patre
336 1721 422 1747 non
446 1706 644 1762 ambigis,
670 1706 765 1762 qnia
793 1706 977 1762 incipere
1004 1721 1092 1747 csse
1120 1705 1196 1748 Dei
1218 1721 1300 1747 non
1324 1714 1406 1753 est;

64 1779 114 1819 de
135 1777 256 1819 Patre
289 1792 371 1818 non
398 1777 573 1832 ambigis
590 1808 599 1826 ‚
624 1776 721 1833 quia
746 1777 821 1817 Dei
852 1786 914 1816 est
936 1776 1231 1832 sempiternam
1254 1775 1410 1817 habere

64 1848 367 1905 perfectionem
390 1864 399 1895 3
426 1862 478 1888 ne
501 1847 608 1888 sorte
642 1862 717 1887 usu
744 1846 945 1887 sermonis
979 1845 1178 1887 labereris
1209 1845 1381 1885 humani
1399 1877 1409 1893 ,

67 1921 165 1960 dum
190 1917 374 1959 Verbum
398 1917 500 1958 dicis
519 1925 560 1958 et
578 1917 729 1958 Filium
748 1949 757 1965 ,
785 1917 877 1957 ideo
899 1915 1057 1957 addidit
1078 1930 1086 1956 :
1105 1915 1183 1956 «Et
1197 1914 1306 1956 Dens
1322 1923 1410 1956 erat

66 2008 79 2025 η
97 1987 279 2029 Verbum
296 1986 351 2028 ².»

126 2057 242 2099 XIX.
282 2058 414 2098 Habet
442 2057 584 2113 utique
613 2058 725 2112 quod
746 2057 882 2103 Pater,
908 2057 1001 2114 quia
1026 2056 1136 2097 Deus
1158 2063 1259 2097 erat.
1289 2056 1409 2107 Quo-

68 2130 193 2171 modo
217 2127 342 2183 hujus
367 2143 491 2183 negas
508 2129 805 2175 aeternitatem,
829 2128 895 2168 cui
921 2143 1049 2168 unuin
1070 2142 1166 2168 cum
1190 2127 1309 2168 Patre
1332 2127 1410 2168 Dei

69 2215 221 2242 nomen
245 2199 334 2240 ost?
357 2199 447 2241 Nou
468 2207 504 2239 te
523 2214 648 2240 sonus
672 2199 822 2255 capiat,
847 2198 1157 2253 similitudoque
1179 2199 1406 2239 sermonis:

71 2272 182 2312 alind
214 2269 395 2311 Verbum
423 2279 512 2318 est,
543 2272 655 2326 quod
691 2280 874 2326 tempora
909 2270 1058 2315 habet,
1099 2270 1212 2324 quod
1244 2270 1419 2324 syllabis

73 2342 297 2398 colligitur,
323 2342 553 2397 litterisque
577 2343 843 2398 componitur
875 2357 884 2382 ε
917 2357 997 2382 non
1021 2343 1101 2382 tale
1137 2341 1318 2381 Verbum
1352 2341 1415 2382 Fi-

73 2415 150 2454 lius
173 2445 181 2458 ,
208 2413 302 2468 qnia
326 2428 406 2455 non
435 2413 523 2453 talis
545 2421 605 2453 est
628 2414 747 2453 Pater
771 2412 908 2453 Verbi.

132 2484 229 2526 XX.
269 2483 511 2524 Cavendum
537 2499 633 2540 ergo
663 2499 713 2523 ne
737 2491 774 2523 et
799 2482 854 2522 ibi
882 2481 1150 2537 quaestionem
1188 2481 1297 2521 vocis
1320 2496 1416 2521 cor-

77 2555 226 2612 poralis
250 2555 465 2595 videamur
488 2554 688 2611 ingerere.
716 2553 992 2609 Incorporeus
1013 2559 1073 2591 est
1103 2550 1210 2591 Deus
1237 2567 1244 2591 :
1272 2566 1415 2593 iocum

126 2658 131 2670 ¹
154 2648 248 2680 Jnan.
268 2657 288 2683 i,
313 2657 338 2677 ι.
358 2664 396 2670 -
418 2656 428 2669 ⁸
452 2645 534 2676 lbid.

1200 2715 1265 2757 29.
