1768 3283
384 322 435 350 ΒΕ
469 321 630 350 smmTu
662 322 840 356 smero,
874 322 952 350 Lm.
992 321 1037 349 11.
1314 307 1393 350 331

54 397 183 454 magis
206 398 396 455 Apostoli
419 399 702 442 crediderunt.
731 400 853 441 Hunc
877 399 1002 455 igitur
1033 399 1196 440 leonem
1221 398 1398 441 Samson

6 461 10 504 ἓ
54 469 169 523 quasi
196 468 367 509 Jndaeus
389 470 569 516 occidit,
595 473 668 512 sed
691 471 732 512 in
759 486 808 512 eo
837 472 919 511 mel
943 469 1058 526 quasi
1084 469 1124 510 in
1146 468 1275 526 figura
1296 470 1401 510 redi-

54 537 479 580 mendaehaereditatis
493 539 671 588 invenit3
689 549 733 582 ut
748 539 931 596 reliquiae
947 540 1065 580 salvae
1081 537 1370 580 fierentsecun
1382 563 1396 569 -

55 609 154 649 dum
178 609 426 650 electionem
450 609 633 666 gratiae¹.

114 677 168 720 X.
207 696 220 715 «
243 678 292 720 Et
315 680 496 726 decidit,
531 680 686 735 inquit,
722 695 848 736 super
877 693 974 720 eum
1001 678 1179 734 Spiritus
1203 678 1396 732 Domini,

54 756 126 789 »et
159 749 376 790 descendit
409 749 448 790 in
479 748 751 796 Ascalonem,
789 761 829 790 et
867 749 1072 805 percussit
1105 748 1201 788 inde
1234 747 1400 803 triginta

55 837 70 856 ι)
88 818 231 859 viros².
251 840 263 855 n
279 819 420 874 Neque
442 819 552 859 onim
570 827 763 875 potuerat
786 819 1003 860 victoriam
1031 833 1113 859 non
1143 826 1286 858 tenere
1302 849 1312 864 ,
1333 816 1404 872 qui

55 895 315 929 sacramenta
338 889 547 929 cernebat<
577 887 803 945 Accipiunt
828 889 967 944 itaque
991 889 1032 928 in
1053 888 1167 929 stolis
1186 887 1404 943 praemium

0 972 3 983 ·
56 955 266 1012 sapientire
281 989 291 1004 ,
313 958 639 999 conversationis
658 958 835 1015 insigne,
859 958 929 1014 qui
951 959 1171 999 absolvunt
1193 966 1234 998 et
1256 971 1406 998 renun-

0 1063 2 1077 ,
56 1026 161 1068 tiant
182 1027 468 1082 quaestionem.

115 1096 189 1137 XI.
224 1096 382 1138 Rursus
415 1097 481 1139 hic
506 1098 582 1138 alia
613 1098 865 1139 oboriuntur
894 1097 1115 1155 mysteria,
1154 1098 1270 1153 quod
1300 1112 1406 1138 uxor
1435 1099 1440 1103 ”

0 1175 1 1179 ’
57 1165 147 1221 ojus
172 1166 383 1214 aufertur3
413 1175 453 1208 et
488 1167 580 1209 ideo
611 1169 756 1224 vulpes
784 1168 1015 1209 incendunt
1045 1167 1281 1223 manipulos
1311 1166 1409 1207 alie-

58 1235 347 1291 nigenarqu
382 1237 460 1278 Eos
496 1237 607 1278 enim
643 1238 712 1293 qni
746 1239 941 1278 adversus
972 1236 1108 1277 divina
1146 1244 1406 1277 sacramenta

59 1306 351 1352 contendunt,
377 1307 572 1363 decipere.
590 1322 661 1348 sua
685 1308 898 1348 consuevit
923 1307 1084 1348 astutia.
1117 1307 1233 1347 Unde
1256 1305 1409 1346 iterum

61 1373 160 1414 dicit
185 1374 224 1414 in
248 1375 430 1416 Canticis
461 1377 722 1418 canticorum
743 1394 752 1416 :
771 1377 993 1418 «Prendite
1020 1376 1140 1417 nobis
1164 1376 1307 1432 vulpes
1329 1391 1410 1431 pu—

62 1444 201 1485 »sillas
224 1446 550 1487 exterminantes
576 1447 737 1495 vineas,
763 1456 808 1488 ut
832 1447 961 1488 vineae
982 1455 1134 1488 nostrae
1155 1444 1400 1486 ssoreanffi.»

60 1514 175 1555 Bene
197 1516 368 1571 pusillas
392 1516 515 1564 dixit,
543 1517 638 1572 quia
667 1516 847 1572 majores
872 1518 1009 1558 vincas
1027 1516 1306 1558 exterminare
1324 1529 1412 1557 non

62 1593 276 1642 poterant,
301 1586 399 1628 licet
418 1587 593 1628 fortibus
618 1596 660 1628 et
684 1587 876 1629 diabolus
898 1587 949 1627 sit
979 1586 1169 1642 pusillus.

118 1656 212 1698 XII.
251 1657 359 1714 Ergo
377 1658 444 1698 ille
474 1658 544 1712 (ut
561 1657 864 1713 compendium
889 1657 1090 1698 faciamus
1111 1655 1316 1703 historiae3
1338 1669 1412 1695 suo

61 1726 171 1767 enim
212 1728 389 1783 tempori
427 1728 554 1768 totius
590 1727 782 1769 lectionis
819 1726 994 1784 digestio
1027 1726 1280 1768 reservanda
1320 1723 1409 1777 est)

62 1793 241 1835 invictus
271 1803 378 1841 erat,
418 1794 603 1850 quandiu
641 1794 790 1835 habuit
820 1795 995 1850 gratiam
1026 1793 1279 1850 spiritalem,
1311 1793 1420 1833 sicut

61 1863 135 1904 Dei
156 1865 332 1920 populus
353 1865 420 1905 ille
440 1865 596 1905 electus
616 1879 636 1905 a
654 1863 852 1910 Domino,
874 1863 942 1904 ille
961 1862 1180 1904 Nazaraeus
1199 1862 1240 1902 in
1258 1860 1413 1917 Lege⁵.

62 1933 246 1975 Invictus
281 1950 380 1991 ergo
419 1934 598 1976 Samson
620 1967 629 1981 ,
670 1942 795 1989 atque
835 1933 889 1974 ita
929 1931 1249 1988 insuperabilis,
1291 1935 1336 1971 ut
1376 1930 1417 1971 in

65 2004 229 2045 maxilla
262 2005 363 2046 asini
398 2006 507 2046 viros
540 2005 654 2045 mille
688 2011 930 2060 percuteret
966 2018 974 2043 τ
1009 2002 1063 2043 ita
1095 2002 1243 2059 plenus
1276 2001 1418 2058 gratia>

67 2074 244 2115 coelestis
258 2106 268 2122 ,
287 2083 334 2116 ut
351 2075 475 2116 etiam
497 2089 646 2130 aquam
666 2074 706 2114 in
726 2074 890 2114 maxilla
909 2072 1012 2113 asini
1031 2072 1173 2114 sitiens
1193 2072 1417 2128 reperiret;

67 2143 150 2185 sive
173 2144 254 2185 hoc
281 2146 332 2186 ad
355 2144 606 2186 miraculum
634 2144 822 2185 conseras
839 2177 848 2191 ,
874 2143 958 2184 sive
982 2144 1033 2184 ad
1055 2143 1299 2199 mysterium
1325 2157 1418 2184 ver-

67 2222 150 2259 tas,
176 2216 290 2270 quod
313 2215 352 2256 in
379 2215 520 2272 populi
545 2215 651 2256 soret
674 2214 911 2256 humilitate
945 2214 1109 2270 gentilis
1130 2222 1172 2255 et
1195 2213 1358 2270 requies
1382 2220 1423 2254 et

66 2283 315 2341 triumphus.
345 2285 469 2326 Juxta
488 2286 600 2342 quod
625 2285 827 2341 scriptum
851 2292 913 2325 est
938 2300 946 2323 :
967 2284 1081 2334 «Qui
1103 2292 1145 2325 tc-
1168 2283 1422 2341 percusserit

70 2352 140 2393 »in
165 2354 372 2395 maxillam
392 2388 401 2402 ,
425 2355 565 2411 praebe
588 2355 625 2396 ei
652 2362 694 2395 ct
717 2353 928 2395 alteramfi.
946 2353 1051 2395 »Per
1081 2353 1190 2395 hanc
1218 2354 1328 2395 enim
1357 2353 1423 2393 in-

68 2420 271 2478 juriarum
295 2424 556 2481 patientiam,
585 2439 709 2481 quain
734 2424 933 2466 erudiunt
968 2432 1233 2466 sacramenta
1259 2423 1420 2481 baptis-

119 2557 126 2571 ¹
151 2549 245 2581 Rom.
270 2561 299 2581 xx
318 2573 327 2588 ‚
360 2562 411 2593 ²7·
430 2569 468 2574 —
494 2560 506 2574 ³
533 2551 643 2583 Jndic.
671 2561 736 2587 xiv,
765 2560 827 2592 19,
859 2560 909 2581 20.
940 2567 983 2574 —
1015 2551 1027 2570 3
1052 2548 1099 2580 Id.
1131 2560 1179 2582 xv.
1217 2558 1245 2587 1,
1273 2553 1306 2581 et
1331 2558 1423 2590 seqq.
1483 2544 1485 2546 ’

74 2620 114 2628 —
143 2605 156 2632 ⁴
179 2604 273 2639 Cant.
298 2616 343 2645 11,
372 2608 421 2639 ι5.
449 2625 489 2632 —
514 2608 527 2631 ⁵
555 2606 665 2640 Judic.
689 2616 743 2644 κν,
776 2607 837 2643 ι5.,
864 2611 896 2638 et
921 2615 1011 2648 seqq.
1039 2623 1079 2628 —
1110 2604 1124 2626 6
1153 2603 1273 2637 Matth.
1289 2614 1320 2640 v,
1348 2603 1403 2645 59.
