1768 3283
353 246 435 295 {103
953 264 1090 298 munit.

394 335 451 366 bus
466 334 568 377 pueris
582 335 664 367 iuter
682 334 819 366 llammas
838 333 1071 369 ‹toambul-mto,
1093 333 1275 366 Divinitatis
1289 343 1324 365 ae
1341 333 1508 366 Trinitatis
1525 329 1606 365 veri·

394 394 505 422 tatem.
1658 397 1692 418 η

354 443 463 474 CArur
491 443 529 474 V.
565 442 775 474 Arrianorum
803 442 898 474 varim
924 442 955 473 in
985 442 1149 475 Christum
1175 441 1382 483 blasphemiae
1410 442 1609 483 reseruntur,

396 495 509 538 quibus
535 502 706 538 antequam
732 495 979 536 respondeatur,
1010 500 1179 528 monentur
1195 495 1351 527 Catholici
1378 502 1510 529 caveant
1527 507 1543 528 a
1561 507 1611 529 so·

395 548 560 592 phismatis
590 549 870 591 philosophorum3
900 559 936 580 eo
964 548 1050 591 quod
1072 549 1190 580 scilicet
1215 549 1245 580 in
1273 549 1332 580 illis
1358 549 1497 582 liaeretici
1525 558 1612 593 spem

397 602 591 643 praeeipuam
609 602 816 634 collocarent.
1662 604 1698 643 ¹4

355 653 461 686 Cum
482 655 540 686 VI.
561 655 723 688 Christum
741 655 828 688 Patri
846 655 1028 687 dissimilem
1047 666 1109 687 non
1131 665 1196 688 esse,
1213 655 1419 698 probaturus,
1437 658 1617 690 memoratis

399 707 625 739 celebrioribus
652 709 863 740 Arrianorum
882 708 1026 746 ducibus,
1049 720 1143 751 quam
1161 710 1242 741 male
1259 709 1342 741 inter
1369 720 1421 741 eos
1437 711 1616 748 conveniat.

397 761 511 803 aperit,
527 767 622 804 atque
638 762 785 794 adversus
797 773 862 798 eos,
876 768 1027 805 tanquam
1046 764 1078 794 iu
1095 768 1234 795 monstra
1250 763 1405 806 quaedam‚
1432 763 1612 808 praesidium

398 815 636 857 Scripturarum
652 816 801 848 ostendit.
1346 814 1351 819 „
1667 820 1702 851 15

353 867 461 900 Cin-r
476 868 556 901 VII.
576 869 623 899 Ex
635 869 745 906 Paulo,
767 870 933 912 Prophetis
949 875 1044 912 atque
1061 870 1234 912 Evangelio
1244 871 1387 903 Christus
1400 872 1548 904 asseritur
1563 872 1620 904 Pa·

402 921 441 953 tri
459 922 584 958 similis;
600 924 738 955 maxime
753 934 828 956 vero
850 935 887 957 ex
910 924 1045 957 hominis
1059 924 1098 956 ad
1114 925 1354 958 similitudinem
1372 926 1509 958 divinam
1528 937 1619 958 crea-

397 979 496 1012 tione.
642 990 647 993 ·
1670 991 1705 1024 ¹7

357 1032 467 1065 Cirur
483 1033 584 1066 VIII.
602 1034 649 1066 Ex
665 1035 798 1077 probata
814 1035 886 1066 Filii
914 1045 986 1067 cum
1002 1035 1098 1067 Patre
1113 1035 1334 1073 similitudine,
1361 1037 1508 1068 eumdem
1524 1041 1621 1068 mter-

399 1098 475 1120 num
492 1091 586 1121 etiam
604 1100 669 1121 esse
690 1089 774 1121 haud
791 1099 873 1130 aegre
891 1088 1099 1120 demonstrari
1115 1113 1123 1125 .
1151 1089 1237 1132 quod
1253 1089 1459 1122 nihilominus
1473 1090 1625 1123 astruitur

396 1152 413 1174 e
429 1144 598 1187 prophetia
618 1145 722 1183 Isaiae,
741 1155 777 1176 ac
800 1144 937 1177 Joaunis
964 1144 1159 1187 Evangelio:
1187 1146 1276 1187 cujus
1301 1145 1403 1178 ultimi
1432 1145 1624 1179 auctoritate

399 1200 491 1232 obrui
511 1200 728 1232 haeresiarchae
746 1200 958 1232 declarantur.
1672 1209 1709 1241 ¹9

358 1255 468 1289 Garur
486 1254 549 1286 IX.
584 1255 759 1286 Haereticos
775 1255 950 1296 interrogat
963 1254 1025 1286 Vir
1047 1258 1184 1292 sanctm,
1203 1259 1391 1296 ostensoque
1413 1254 1539 1285 illorum
1556 1263 1626 1285 res-

404 1309 570 1350 ponsione.
590 1321 652 1352 qua
668 1310 784 1341 Filium
809 1310 894 1340 omni
910 1308 1037 1352 quidem
1061 1314 1203 1350 tempore
1221 1309 1374 1351 priorem,
1402 1308 1495 1340 Patre
1517 1313 1624 1340 autem

399 1367 608 1406 posteriorem
632 1375 697 1396 esse
715 1364 933 1401 affirmabant,
956 1363 987 1394 in
1006 1364 1109 1395 Deum
1125 1363 1231 1395 induci
1249 1364 1470 1400 mutationem,
1493 1363 1625 1395 aeterni·

398 1425 496 1450 tatem
516 1420 643 1461 utrique
660 1429 804 1461 personae
819 1417 1022 1450 tribuendam
1039 1417 1170 1458 colligit.
1671 1425 1705 1448 nt

359 1473 467 1505 Cum·
489 1475 531 1505 X.
554 1473 617 1505 Ubi
641 1473 763 1505 Christi
786 1472 999 1505 aeternitatem
1016 1470 1216 1503 confirmavit
1236 1481 1275 1502 ex
1295 1471 1468 1512 Apostolo‚
1488 1470 1627 1503 divinam

402 1529 643 1569 generationem
667 1539 731 1560 non
749 1528 788 1560 ad
818 1528 963 1559 humanae
987 1526 1150 1558 modulum
1167 1526 1369 1569 exigendam,
1395 1532 1449 1558 aut
1475 1526 1628 1558 curiosius

401 1585 625 1617 excutiendam
639 1597 646 1622 3
669 1590 701 1617 at
715 1584 880 1617 declinatis
898 1593 968 1626 quae
983 1582 1057 1614 hinc
1071 1588 1260 1621 nascuntur,
1275 1581 1628 1625 difficultatibu=‚quid-

403 1639 481 1681 quid
498 1650 586 1671 more
601 1650 758 1682 corporeo
779 1639 817 1671 de
839 1639 895 1671 hac
919 1637 1124 1680 generatione
1142 1636 1260 1669 dicitur
1277 1660 1284 1672 ,
1310 1636 1450 1679 spiritali
1468 1646 1560 1669 sensu
1577 1637 1630 1670 in·

406 1693 617 1734 telligrndum
635 1704 700 1725 esse
718 1693 873 1725 declarat.
1677 1691 1716 1727 25

358 1747 467 1779 estur
478 1747 540 1780 xl.
561 1747 630 1779 Non
641 1758 729 1789 posse
738 1747 866 1790 probari
881 1757 898 1778 e
911 1746 1075 1789 Scriptura
1092 1747 1220 1778 Patrem
1235 1745 1316 1776 Filio
1331 1744 1469 1786 priorem
1482 1754 1567 1779 esse:
1582 1754 1632 1776 ne-

406 1812 467 1844 que
483 1803 579 1834 etiam
595 1802 788 1844 argumentis
803 1812 840 1832 ex
860 1801 1024 1833 hominum
1041 1800 1246 1842 generatione
1270 1797 1463 1841 desumptis:
1480 1808 1550 1829 cum
1566 1797 1638 1830 inde

405 1857 573 1889 innumera
591 1863 736 1890 secutura
750 1862 853 1889 essent
865 1856 1000 1888 absurda
1016 1867 1023 1887 z
1042 1855 1126 1899 quod
1139 1860 1243 1887 autem
1256 1854 1421 1887 Christum
1435 1863 1472 1885 ex
1491 1858 1634 1897 tempore

403 1917 511 1943 natum
526 1912 644 1945 audi-nt
665 1912 883 1954 pronuntiare,
914 1911 944 1943 id
961 1911 1123 1942 cumulum
1145 1920 1211 1941 esse
1226 1908 1409 1951 impietatis.
1681 1908 1718 1941 25

362 1964 472 1997 CAPUT
488 1966 572 1998 XII.
597 1966 725 1999 Iteratae
740 1966 772 1997 in
798 1965 914 1997 Filium
929 1964 1104 2007 objectioni
1124 1964 1239 1996 iterum
1258 1963 1469 2006 respondetur
1493 1973 1562 1995 eam
1582 1973 1632 1994 re·

400 2022 541 2064 torqueri
556 2022 652 2054 etiam
670 2022 701 2053 in
716 2022 843 2054 Patrem
864 2031 973 2063 posse;
998 2030 1069 2052 cum
1085 2029 1159 2062 ergo
1179 2019 1272 2050 Pater
1290 2029 1345 2050 nec
1359 2018 1429 2050 Ioco
1446 2041 1455 2056 ‚
1473 2028 1531 2050 nec
1549 2023 1629 2050 tem·

412 2086 503 2117 pore,
533 2076 634 2108 aliave
652 2077 712 2108 ulla
730 2081 873 2108 creatura
890 2075 1041 2117 indigeat,
1058 2074 1101 2105 sic
1118 2084 1176 2105 nec
1193 2083 1303 2105 eorum
1325 2071 1531 2114 indigentiam
1548 2071 1639 2104 attri-

408 2128 571 2162 buendam
597 2130 680 2161 Filio
701 2141 708 2160 :
730 2129 817 2171 cujus
836 2128 1002 2171 singularis
1028 2128 1191 2170 generatio
1218 2132 1264 2159 est
1293 2137 1356 2158 non
1380 2127 1480 2159 solum
1495 2136 1511 2158 e
1530 2126 1635 2162 Patre.

408 2183 463 2215 sed
479 2183 574 2216 etiam
598 2194 615 2216 e
632 2184 788 2226 Virgine3
808 2188 1044 2226 proptereaque
1061 2192 1131 2213 cum
1149 2181 1180 2212 in
1208 2181 1266 2213 hac
1285 2191 1350 2213 non
1367 2190 1457 2214 sexus
1482 2184 1537 2214 aul.
1552 2179 1639 2213 simi-

407 2237 447 2269 lia
464 2237 567 2269 locum
582 2237 769 2277 habuerint,
786 2238 819 2270 in
838 2237 893 2269 illa
911 2247 1038 2280 quoque
1050 2246 1113 2267 non
1127 2235 1286 2268 hahuisse.
1684 2243 1724 2278 27

366 2291 475 2324 Cirur
500 2292 606 2325 XIII.
633 2292 850 2333 Quaestionem
868 2291 1027 2335 quomodo
1056 2290 1178 2331 genitus
1201 2290 1241 2323 sit
1268 2288 1380 2328 Filius,
1403 2289 1495 2322 solvit
1514 2294 1639 2321 sanctus

410 2348 548 2383 Doctor;
566 2352 596 2379 et
613 2346 799 2379 revelationi
819 2345 1017 2378 credendum
1038 2343 1362 2376 Nabuchodonosoris
1374 2353 1409 2375 ac
1429 2343 1513 2376 Petri
1529 2354 1620 2376 exem
1632 2360 1641 2369 ·

410 2401 463 2443 plo
478 2400 581 2433 docel.
600 2402 703 2443 Hujus
721 2400 822 2433 ultimi
842 2399 961 2431 visione
970 2397 1181 2430 aeternitatem
1195 2397 1469 2440 Divinitatemque
1483 2396 1554 2429 Filii
1573 2397 1638 2440 sig-

407 2459 514 2486 natam
537 2464 621 2489 esse:
643 2460 738 2497 atque
767 2453 846 2485 adeo
880 2453 923 2484 illi
941 2451 1137 2484 credendum
1156 2451 1305 2491 neglectis
1327 2450 1525 2494 philosophis
1540 2473 1549 2486 .
1564 2451 1639 2493 qui-

408 2508 466 2539 bus
480 2510 540 2549 jam
553 2509 670 2552 ubique
679 2508 756 2541 fides
771 2508 999 2551 abrogabatur.
1016 2506 1138 2538 Contra
1154 2515 1229 2537 vero
1247 2505 1418 2548 gentilibus
1429 2505 1643 2538 ostenduntur

409 2563 524 2594 similes
539 2563 681 2596 Arriani.
1687 2568 1726 2601 29

365 2618 473 2651 Cirut
488 2618 580 2650 XIV.
602 2620 789 2651 Creaturam
808 2628 871 2651 non
889 2628 954 2650 esse
973 2617 1030 2650 Dei
1049 2616 1164 2649 Filium
1183 2614 1257 2647 hinc
1283 2613 1449 2654 astruitur,
1469 2612 1557 2657 quod
1578 2622 1641 2647 non
