1768 3283
358 292 377 319 2
387 279 440 327 34
908 292 940 320 s,
979 291 1171 321 Aunnosu

1744 114 1748 147 Ι

1744 151 1749 210 ἰ

1745 215 1749 244 l

1745 248 1750 272 i

1746 273 1750 299 l

1747 305 1751 370 ἰ

350 369 566 412 »sancto¹.
586 388 600 409 n
622 370 674 412 Et
705 369 802 411 alibi
839 369 1064 426 Apostolus
1094 369 1149 410 ait
1172 368 1385 411 :uOmnes
1407 369 1519 412 enim
1551 370 1591 412 in
1614 371 1702 429 ipso
1747 377 1752 411 '.

354 455 585 497 »corpore‚
621 440 662 481 in
697 454 827 481 unum
862 439 1066 495 Spiritum
1096 439 1298 494 baptizati
1329 439 1540 482 sumus2.»
1565 441 1704 483 Unum
1749 457 1754 500 g

357 524 484 566 opus,
511 510 605 565 quia
622 524 754 551 unum
774 507 1022 565 mysterium
1042 524 1051 548 :
1072 523 1205 549 unum
1228 508 1456 565 baptisma,
1476 510 1572 566 quia
1594 525 1707 552 mors

358 593 438 619 una
459 594 532 634 pro
555 579 714 619 mundo
735 593 744 618 ι
765 577 903 619 unitas
927 592 1027 634 ergo
1044 577 1322 633 operationis,
1350 579 1487 620 unitas
1510 579 1708 636 praedica-

358 648 502 696 tionis,
528 662 618 702 quae
637 662 720 688 non
741 656 879 704 potest
902 647 1099 703 separari.

418 715 624 758 XXXIX.
664 716 790 766 Quod
813 716 844 757 si
869 716 952 758 hoc
973 718 1069 758 loco
1094 726 1312 773 separatur
1337 716 1516 774 Spiritus
1540 719 1590 760 ab
1610 734 1711 777 ope-
1755 741 1757 743 ·

362 784 522 825 ratione
550 784 680 826 Patris
713 793 755 826 et
784 785 902 833 Filii,
924 785 1018 842 quia
1044 785 1203 827 <lictum
1225 794 1287 828 est
1313 801 1322 827 ε
1348 786 1408 827 Ex
1430 787 1519 829 Deo
1549 789 1711 837 omnia,

362 863 403 895 ot
426 869 499 910 per
524 854 677 896 Filium
702 854 888 902 omnia³;
912 870 1010 910 orgo
1034 864 1076 897 et
1099 855 1170 896 ubi
1193 855 1443 911 Apostolus,
1472 856 1523 898 de-
1547 857 1715 899 Christo

367 923 468 965 dicit
490 938 498 964 :
516 924 627 974 «Qui
643 932 703 965 est
723 940 849 981 super
868 925 1007 966 omnia
1023 925 1134 966 Deus
1157 925 1406 967 benedictus
1426 925 1467 967 in
1488 926 1706 974 saecilla⁶,»

366 1008 447 1033 nou
472 994 606 1034 solum
623 1008 718 1034 eum
743 994 945 1035 creaturis
959 994 1178 1043 omnibus;
1206 996 1278 1037 sed
1297 995 1422 1036 otiam
1441 996 1552 1038 Patri
1579 995 1719 1053 (quod

368 1063 482 1103 dictu
508 1063 619 1104 nefas
637 1064 720 1119 est)
739 1064 933 1120 praetulit.
961 1063 1043 1105 Sed
1067 1064 1197 1112 absim
1219 1079 1302 1105 non
1321 1065 1434 1106 euim
1454 1066 1562 1107 inter
1580 1066 1720 1107 omnia

369 1133 509 1180 Pater,
536 1147 619 1173 non
643 1133 750 1174 iuter
773 1134 942 1190 plebem
967 1135 1193 1189 quamdam
1217 1143 1506 1176 creaturarum
1532 1150 1716 1176 suarum.

373 1202 526 1243 subter
548 1212 738 1246 creatura
767 1204 929 1252 omnis,
955 1220 1079 1260 supra
1106 1204 1309 1246 Divinitas
1332 1205 1464 1246 Patris
1497 1213 1538 1246 et
1560 1205 1653 1246 Filii
1682 1212 1724 1245 et

375 1272 554 1330 Spiritus
575 1274 720 1315 sancti.
746 1274 818 1314 Illa
841 1274 988 1321 servit,
1010 1274 1099 1315 haec
1116 1282 1262 1330 regnat
1284 1289 1292 1315 z
1318 1275 1384 1315 iila
1404 1274 1594 1325 subjacet
1614 1305 1624 1322 ‚
1650 1273 1725 1315 isla
1760 1316 1761 1321 ,

377 1345 646 1386 dominatur:
667 1344 734 1385 illa
758 1359 884 1400 opus,
915 1344 1005 1385 haec
1037 1352 1183 1385 auctor
1203 1353 1266 1386 ost
1297 1345 1432 1401 operis
1459 1359 1467 1384 :
1491 1345 1556 1385 illa
1581 1345 1727 1385 adorat

376 1429 519 1455 omnes
537 1447 547 1462 ,
573 1415 660 1455 haec
681 1415 880 1455 adoratur
903 1414 952 1454 ab
977 1413 1191 1455 omnibus.

433 1483 522 1525 XL.
559 1484 748 1540 Denique
780 1485 831 1525 de
855 1483 960 1524 Filio
983 1483 1188 1540 scriptum
1212 1491 1273 1525 est
1298 1484 1406 1524 :«Et
1431 1485 1606 1525 adorent
1628 1498 1726 1525 eum

376 1570 391 1591 n
407 1568 552 1594 omnes
582 1553 728 1610 Angeli
753 1553 872 1594 Dei⁵.
891 1571 905 1591 »
928 1553 1018 1595 Non
1037 1553 1166 1594 habes
1189 1568 1197 1594 :
1219 1552 1379 1595 Adoret
1402 1553 1582 1610 Spiritus
1606 1567 1729 1595 sanc·
1762 1499 1768 1591 i

379 1631 456 1663 tus.
480 1623 526 1663 Et
542 1623 645 1663 infra
663 1637 670 1663 :
689 1623 778 1664 «Ad
791 1638 914 1678 quem
932 1631 1070 1664 autem
1085 1623 1342 1679 Angelorum
1363 1623 1464 1664 dixit
1480 1623 1726 1679 aliquando:
1763 1594 1768 1673 1

378 1693 515 1734 »Sede
537 1693 589 1734 ad
619 1695 833 1734 dextoram
866 1707 1030 1741 meam,
1065 1694 1200 1734 donec
1230 1708 1384 1750 ponam
1416 1693 1607 1734 inimicos
1639 1703 1730 1734 tuos

379 1764 637 1803 »scabellum
662 1764 815 1819 pedum
848 1761 1046 1803 tuorum?
1068 1762 1216 1804 Nonne-
1245 1777 1390 1802 omues
1422 1770 1543 1809 sunt,
1574 1761 1730 1817 inquit,

379 1832 587 1873 »ministri
614 1832 781 1889 spiritus
812 1832 851 1872 in
882 1830 1186 1878 ministerium,
1212 1831 1282 1887 qui
1306 1829 1607 1872 n1ittuutur“P»
1625 1829 1732 1871 Cum
1766 1822 1768 1893 }

382 1902 505 1950 dicit,
532 1917 758 1948 «omnos‚»
779 1901 986 1956 numquid
1017 1909 1058 1942 ot
1087 1900 1288 1957 Spiritum
1317 1910 1508 1942 sancium
1536 1915 1734 1956 compro·
1767 1903 1768 1941 ἶ

381 1971 555 2013 handu?
579 1971 669 2013 Non
694 1970 861 2026 utiquo,
892 1970 988 2025 quia
1012 1970 1159 2026 Angoli
1183 1979 1222 2012 et
1247 1979 1407 2012 caeterae
1429 1971 1658 2012 Potestates
1693 1970 1732 2011 in
1767 1976 1768 1997 l

385 2041 662 2082 ministerium
692 2049 732 2081 ot
764 2041 1015 2096 obsequium
1039 2040 1113 2082 Dei
1136 2040 1266 2089 Filio,
1296 2049 1341 2082 ut
1367 2041 1569 2089 serviant,
1606 2040 1733 2082 desti-

385 2119 552 2151 uantur.

442 2179 553 2221 XLI.
591 2179 645 2221 At
668 2193 765 2220 vero
786 2178 967 2235 Spiritus
991 2187 1158 2221 sancius
1178 2194 1261 2220 nou
1284 2179 1498 2229 minister,
1527 2180 1598 2221 sod
1623 2179 1736 2220 tostis

385 2259 447 2292 est
472 2251 586 2297 Filii,
618 2250 972 2305 quemadmodum
1003 2251 1053 2290 do
1077 2249 1163 2305 ipso
1188 2249 1317 2290 Filius
1342 2249 1442 2290 dixit
1466 2263 1476 2290 :
1497 2251 1596 2291 «Illo
1622 2250 1737 2291 testi·

389 2320 606 2360 »monium
631 2319 824 2376 perbibet
856 2321 907 2360 do
937 2318 1043 2360 mo⁷.
1063 2337 1076 2355 »
1096 2319 1228 2360 Testis
1258 2327 1319 2359 est
1347 2333 1445 2374 ergo
1468 2319 1585 2367 Filii,
1611 2319 1736 2376 Spiri-

388 2399 464 2432 tus.
495 2389 578 2441 Qui
613 2390 723 2430 tostis
755 2397 841 2435 est,
869 2389 984 2429 novit
1009 2388 1171 2435 omnia,
1206 2388 1314 2429 sicut
1336 2388 1447 2429 Deus
1476 2390 1598 2430 Pater
1623 2389 1737 2429 testis

388 2469 462 2502 ost.
494 2460 562 2502 Sic
587 2459 698 2500 onim
719 2459 846 2500 habes
869 2458 909 2499 in
934 2458 1236 2515 posterioribus
1253 2490 1262 2506 ,
1287 2459 1382 2514 quia
1407 2457 1655 2500 confirmata
1675 2466 1737 2499 ost

436 2573 442 2586 ¹
470 2564 538 2594 Aci.
569 2575 591 2594 i.
616 2563 645 2592 5.
669 2580 705 2585 —-
737 2571 747 2584 ²
779 2573 787 2592 ι
816 2562 895 2592 Cor.
921 2572 978 2599 xii,
1005 2561 1054 2593 15.
1074 2578 1113 2584 —
1131 2560 1218 2591 ³1d.
1246 2535 1416 2600 νιιι,ἐ,-
1439 2562 1451 2587 ⁴
1476 2561 1567 2592 Rom.
1586 2570 1633 2598 lx,
1652 2560 1738 2592 5.-

390 2617 610 2654 ⁵}1ehr.1,6.
626 2634 660 2639 -
677 2618 690 2638 ⁶
711 2615 797 2647 ibid.
818 2616 866 2653 15.
890 2615 938 2653 12'4.
956 2633 994 2639 —
1014 2622 1024 2644 7
1043 2616 1138 2646 Juan.
1157 2625 1209 2650 xv.
1229 2615 1278 2646 26.
