1768 3283
363 304 448 363 370
922 319 951 344 s.
992 314 1181 345 Amssnosn'

359 404 580 438 »scrutans
601 398 730 439 corda
752 406 792 438 et
816 395 1007 437 renes¹.»
1023 395 1160 436 Etiam
1189 397 1240 436 de
1266 396 1371 437 Filio
1402 395 1477 436 Dei
1504 395 1632 437 habes
1653 392 1706 436 ad

359 467 556 510 Hebraeos
586 482 594 508 :
622 480 638 504 α
664 467 747 517 Qui
783 473 992 507 scrutator
1024 473 1087 506 est
1118 466 1243 506 animi
1276 474 1317 506 et
1348 465 1610 522 cogitationis
1626 464 1656 506 ².
1679 482 1694 503 υ

360 538 479 579 Unde
509 537 641 592 liquet
670 537 765 592 quia
796 551 918 577 nemo
949 534 1120 576 inferior
1151 535 1374 592 superioris
1407 541 1618 576 scrutatur
1649 534 1703 575 in—

358 616 502 655 terna;
528 607 677 648 divinae
710 608 820 647 enim
852 606 978 647 solius
1008 612 1068 646 est
1095 605 1310 661 potestatis
1337 605 1502 646 occulta
1525 603 1699 645 novisse.

357 676 557 717 Similiter
588 689 687 731 ergo
722 682 931 716 scrutator
966 680 1029 715 est
1058 672 1238 730 Spiritus
1272 681 1440 715 sanctus
1477 682 1522 714 ut
1555 674 1703 719 Pater,

356 744 546 786 similiter
572 751 780 785 scrutator
808 752 848 784 et
880 743 1008 784 Filius
1035 741 1185 798 :cujus
1218 743 1472 799 proprietate
1500 742 1701 783 sermonis

355 814 398 855 id
419 813 692 870 exprimitur;
718 822 762 854 ut
789 813 978 855 videatur
999 811 1103 853 nihil
1127 826 1216 853 esse
1239 813 1352 868 quod
1372 812 1553 862 nesciat,
1577 822 1703 868 quem

356 883 460 925 nihii
480 883 679 939 praeterit.

414 952 644 995 CXXVIII.
682 953 869 1008 Denique
894 954 961 994 ilie
988 955 1146 995 electus
1165 967 1186 995 a
1211 952 1392 999 Christo,
1412 952 1640 993 instructus
1653 951 1704 992 ab

353 1021 511 1079 Spiritu
534 1029 609 1063 est.
647 1023 751 1063 ham
780 1024 887 1063 sicut
916 1009 1002 1079 ipse
1029 1028 1229 1070 testatur,
1254 1035 1328 1078 per
1354 1023 1556 1077 Spiritum
1580 1020 1704 1062 divini

354 1091 639 1147 cognitionem
672 1099 925 1132 consecutus
964 1093 1136 1140 arcani,
1171 1092 1354 1132 ostendit
1387 1091 1482 1146 quia
1516 1098 1558 1130 et
1590 1088 1705 1131 novit

354 1149 534 1221 spiritus
557 1162 689 1203 Deum
710 1196 717 1209 ,
745 1172 786 1203 et
803 1178 848 1203 ea
873 1163 993 1204 nohis
1021 1175 1112 1218 qnae
1137 1162 1213 1203 Dei
1237 1171 1360 1209 sunt,
1386 1161 1564 1217 Spiritus
1586 1172 1704 1201 reve-

354 1233 480 1283 lavit,
509 1233 617 1273 sicut
649 1234 843 1274 rezelavit
869 1242 909 1274 ct
940 1229 1082 1275 Filius.
1119 1229 1170 1274 Et
1201 1232 1360 1274 addidit
1386 1246 1428 1272 t«
1451 1232 1533 1274 ,Nos
1565 1238 1703 1272 autem

354 1314 470 1344 §non
488 1303 680 1359 spiritum
706 1302 830 1358 hujus
854 1304 997 1344 mundi
1021 1304 1286 1359 accepimus,
1311 1302 1384 1343 sed
1407 1301 1607 1358 Spiritum
1633 1302 1703 1357 qui

352 1386 432 1413 »ex
463 1372 554 1412 Deo
579 1381 664 1420 est3
693 1381 737 1413 ut
760 1374 940 1413 sciamus
965 1389 1055 1429 quae
1079 1388 1099 1414 a
1131 1373 1220 1414 Deo
1246 1373 1398 1413 donata
1425 1379 1523 1412 sunt
1553 1371 1673 1412 nobis
1691 1403 1701 1419 ,

353 1448 474 1498 »quae
504 1451 546 1483 et
579 1443 813 1498 loquimur,
847 1458 931 1484 non
966 1443 1006 1484 in
1037 1442 1232 1484 suasoriis
1265 1442 1458 1484 humanae
1492 1441 1704 1498 sapientiae

354 1510 543 1560 averbis,
570 1510 699 1553 sedin
723 1512 960 1554 ostensione
987 1512 1191 1571 Spiritus,
1209 1520 1251 1554 et
1273 1511 1425 1554 virtute
1450 1509 1552 1552 Dei³
1571 1509 1615 1553 Ρ»

401 1613 554 1647 ⁸Jerem.
573 1625 650 1650 xvii,
675 1625 777 1647 10.—
797 1624 807 1636 ²
830 1616 933 1649 Hebr.
950 1628 992 1652 ιν,
1012 1627 1061 1649 12.
1078 1635 1116 1640 ——
1137 1618 1150 1640 ³
1173 1628 1184 1649 1
1204 1617 1277 1648 Cor.
1295 1628 1334 1654 ιι,
1354 1627 1403 1651 12.
1424 1617 1472 1648 ιδ.

1766 376 1768 391 ι

1765 393 1768 415 i
