1806 3256
504 276 556 305 DE
589 274 698 312 mma,
734 276 813 306 Lm.
853 276 915 305 111.
1315 267 1394 308 133

50 352 143 411 quia
173 352 324 394 nolunt
351 365 497 394 verum
525 368 614 395 esse
644 353 720 394 Uei
752 353 921 395 Filium.
948 351 1053 395 Nam
1077 353 1179 396 licet
1207 353 1397 398 humano

49 423 177 466 verbo
200 437 282 463 non
306 422 434 479 possit
456 422 603 463 divinae
621 422 904 479 generationis
921 423 1048 464 series
1066 422 1394 479 comprehendi3

51 502 187 536 tamen
214 493 454 549 judicarunt
484 493 624 534 Patres
655 492 778 534 fidem
806 508 927 534 suam
964 494 1032 534 tali
1066 494 1235 550 proprie
1261 502 1407 534 contra

40 551 258 618 'iz-epooxsscmv
296 579 491 604 sermone
510 564 780 620 signandam,
822 564 1114 605 auctoritatem
1143 564 1273 604 secuti
1304 564 1410 606 Pro-

50 633 210 690 phetae,
236 633 305 689 qui
326 634 380 674 ait
402 648 411 675 ε
430 633 561 684 «Quis
580 634 693 675 stetit
710 634 750 675 in
773 635 1004 676 substantia
1022 634 1215 682 Domini,
1237 643 1278 675 et
1299 634 1403 675 vidit

51 720 67 742 »
83 702 267 745 Verbum
291 703 434 759 ejusP»
451 703 696 745 Secundum
716 705 974 762 impietatem
1002 705 1127 761 igitur
1148 720 1267 746 suam
1291 703 1409 762 posi-

51 780 141 814 tum
169 773 408 814 substantiae
430 773 603 813 verbum
628 774 837 830 recipiunt
854 774 1018 816 Arriani
1036 807 1044 820 ‚
1064 776 1299 815 secuudum
1324 775 1413 832 pie-

53 850 179 884 tatem
196 851 332 884 autem
353 842 538 884 fidelium
559 845 881 900 comprohatum
902 845 1124 900 repudiant
1140 852 1179 885 et
1199 844 1406 886 refutant.

112 912 284 954 CXXV.
323 913 426 955 Nam
449 913 548 970 quid
571 922 633 955 est
659 915 770 954 aliud
788 946 798 962 ,
823 929 900 955 cur
926 918 1102 965 ὁμοούσιον
1134 913 1246 955 Patri
1273 914 1412 955 nolint

53 981 206 1024 Filium
233 982 313 1023 dici
330 1015 340 1030 ,
361 983 438 1023 nisi
457 984 551 1038 quia
573 985 723 1024 nolunt
748 999 891 1024 verum
909 983 985 1024 Dei
1009 983 1164 1023 Filium
1187 983 1413 1025 confiteri?

55 1052 163 1093 sicut
189 1061 334 1093 auctor
356 1053 539 1108 ipsorum
562 1054 764 1094 Eusebius
784 1053 1118 1094 NicmnedIensis
1141 1052 1315 1109 epistola
1339 1067 1413 1093 sua

55 1121 239 1178 prodidit
262 1123 449 1163 scribens
478 1124 567 1180 (17)
601 1138 609 1163 :
640 1123 681 1163 Si
706 1138 877 1171 verum,
912 1122 1044 1177 inquit
1062 1154 1072 1169 ,
1100 1121 1176 1162 Dei
1201 1121 1353 1163 Filium
1375 1130 1417 1164 et

57 1192 290 1233 increatum
307 1193 485 1234 dicimus
505 1198 679 1244 ὁμωύσιου
697 1207 793 1233 cum
817 1193 940 1234 Patre
964 1192 1188 1248 incipimus
1202 1191 1410 1235 confiteri.

56 1261 155 1303 Haec
192 1276 287 1303 cum
324 1264 429 1303 lecta
461 1271 568 1303 esset
598 1262 783 1317 Epistola
821 1263 861 1303 iu
893 1261 1082 1302 Concilio
1105 1261 1302 1309 Memno,
1336 1262 1418 1303 hoe

56 1331 230 1372 verbum
255 1331 295 1372 in
324 1340 502 1372 tractatu
530 1331 646 1372 Fidei
674 1341 907 1387 posuerunt
928 1332 1096 1379 Patres,
1121 1331 1216 1386 quia
1242 1332 1284 1372 id
1309 1331 1421 1372 vide-

58 1410 157 1443 runt
180 1402 425 1443 adversariis
451 1417 540 1442 esse
565 1402 804 1450 formidiui3
831 1411 875 1442 ut
898 1411 1097 1457 tanquam
1121 1402 1343 1456 evaginato
1368 1401 1419 1442 ab

58 1471 155 1528 ipsis
182 1473 318 1527 gladio
343 1472 528 1527 ipsorum
550 1472 738 1514 nesandae
763 1480 888 1529 caput
907 1473 1110 1513 haereseos
1132 1480 1413 1528 amputarent.

118 1542 306 1584 CXXVI.
344 1542 513 1584 Frustra
535 1552 674 1584 autem
693 1544 869 1584 verbum
888 1543 1000 1584 istud
1024 1551 1196 1600 propter
1215 1543 1416 1584 Sabellia-

60 1628 135 1654 nos
158 1613 368 1655 declinare
395 1629 438 1654 se
472 1614 643 1661 dicunt,
669 1622 710 1655 et
736 1614 777 1655 in
809 1629 857 1655 eo
887 1628 1006 1655 suam
1040 1613 1291 1669 imperitiam
1316 1628 1417 1668 pro-

62 1683 188 1730 dunt;
213 1687 386 1734 ὀμοοὺσιον
410 1683 521 1724 euim
544 1683 657 1723 aliud
683 1683 775 1729 alii,
809 1698 893 1724 non
916 1682 1051 1739 ipsum
1076 1690 1137 1723 est.
1161 1682 1252 1723 sibi.
1288 1682 1420 1724 Recte

62 1767 162 1808 ergo
182 1757 358 1803 ὸμοούσων
386 1753 498 1794 Patri
527 1752 680 1793 Filium
695 1752 901 1799 dicimus;
935 1752 1029 1807 quia
1053 1752 1181 1791 verbo
1204 1766 1253 1792 eo
1271 1760 1311 1792 et
1330 1767 1422 1808 per-

60 1837 257 1864 sonarum
280 1822 490 1863 distinctio
513 1830 554 1863 et
577 1830 734 1863 naturae
760 1822 895 1863 unitas
926 1819 1200 1877 significatur.

123 1891 333 1934 CXXVII.
369 1894 431 1934 An
451 1907 602 1949 negare
626 1902 798 1949 possunt
816 1898 931 1932 oba-[2.
953 1894 1105 1933 lectam
1122 1924 1130 1937 ‚
1159 1906 1256 1932 cum
1281 1899 1320 1932 et
1339 1907 1414 1948 pa·

62 1978 156 2004 nem
181 1968 350 2003 ἐπιούσιον
375 1963 579 2004 Dominus
593 1964 777 2011 dixerit¹,
796 1973 836 2006 et
849 1964 1010 2019 Moyses
1032 1962 1261 2018 scripsm‘it²
1291 1978 1299 2003 :
1325 1968 1417 2015 ὑμεῖς

62 2036 176 2073 ἔσεσθέ
194 2052 247 2085 μοι
270 2036 349 2079 Mo<
370 2033 596 2086 περιούσιοςὲ)
619 2033 701 2074 Ant
719 2034 819 2088 quit]
843 2042 903 2074 est
925 2036 1046 2075 οὐσία,
1068 2032 1131 2072 VOI
1151 2033 1262 2072 undo
1288 2033 1418 2078 dicta,

64 2101 142 2144 nisi
169 2104 254 2144 οῧσα
270 2106 342 2151 ἀεί,
367 2105 480 2158 quod
512 2118 677 2159 semper
701 2102 897 2144 maneat?
925 2102 1007 2153 Qui
1037 2101 1149 2142 enim
1173 2110 1260 2149 est,
1289 2111 1330 2143 et
1358 2109 1423 2142 est

65 2189 254 2232 semper,
288 2174 398 2215 Deus
426 2182 514 2221 est3
545 2182 587 2215 et
618 2173 712 2215 ideo
747 2188 922 2214 manens
958 2186 1123 2228 semper
1146 2176 1246 2212 οὐσία
1269 2171 1424 2213 dicitur

66 2244 202 2285 divina
225 2243 469 2285 substantia.
494 2244 719 2300 Propterea
738 2250 914 2288 ἓπιούσιος
931 2243 1048 2299 panis
1064 2275 1073 2291 ,
1094 2243 1207 2297 quod
1225 2257 1276 2283 ex
1292 2241 1424 2283 Verbi

65 2313 294 2354 substantia
327 2313 605 2354 substantiam
641 2313 802 2354 virtutis
837 2312 1042 2353 manentis
1063 2311 1179 2353 cordi
1204 2320 1245 2352 et
1273 2311 1422 2351 animae

66 2381 374 2430 subministrem
396 2383 599 2439 scriptum
623 2390 683 2423 est
703 2382 816 2423 enim
839 2382 941 2423 :«Et
963 2382 1079 2438 panis
1100 2379 1323 2422 coufirmat
1352 2394 1424 2420 cor

66 2470 83 2493 »
96 2453 275 2496 hominis
290 2452 318 2495 ³.
338 2472 352 2492 »

126 2522 358 2567 CXXVIII.
397 2523 622 2566 Servemus
659 2523 786 2581 igitur
819 2529 1032 2580 praecepta
1074 2520 1312 2578 majorum,
1345 2533 1426 2562 nec

115 2621 122 2636 ¹
144 2614 261 2647 Matth.
276 2624 319 2648 vl.
334 2633 374 2639 —
394 2625 406 2640 ⁸
424 2615 532 2651 Exod.
551 2627 622 2650 xix.
637 2633 678 2641 —-
697 2618 711 2640 ³
730 2615 815 2649 Psal.
844 2625 915 2650 cui,
935 2615 985 2648 15.
