1768 3283
335 282 418 330 480
878 296 908 322 s.
951 296 1144 324 anssaosu

335 370 551 429 potestatis
577 370 649 419 sit,
671 385 755 412 non
779 380 950 414 naturae.
980 373 1087 415 Cum
1111 374 1223 416 enim
1252 373 1346 416 dico
1372 375 1576 431 genitum,
1600 392 1684 418 non

334 441 633 499 proprietatem
685 449 844 482 naturae
866 474 877 491 ,
926 442 999 483 sed
1048 440 1395 497 significationem
1450 445 1684 500 generatio-

337 511 402 554 nis
424 510 629 567 expressi;
654 518 696 551 et
725 510 806 552 hoc
837 511 1037 568 exemplis
1068 511 1398 556 evidentioribus
1426 515 1681 572 approbabo,

338 581 443 624 Nam
466 581 499 622 si
522 579 770 637 generaliter
809 581 947 623 dicam
979 581 1133 623 Filium
1150 616 1160 631 ,
1187 598 1266 626 nec
1283 584 1434 626 addam
1453 583 1596 641 cujus,
1618 599 1688 641 po-

339 658 419 692 test
438 648 611 706 intelligi
642 657 682 691 et
698 649 806 692 filius
835 650 1040 701 hominis,
1063 660 1105 695 et
1117 652 1226 696 filius
1250 655 1499 712 iniquitatis,
1520 664 1561 698 et
1579 654 1688 698 filius

338 718 614 777 pestilentiae,
652 728 694 762 et
725 718 835 762 filius
869 721 1046 771 diaboli,
1082 724 1192 766 sicut
1221 726 1272 767 de
1296 725 1452 767 Judaeis
1473 725 1689 783 Scriptura

340 787 539 831 testatur¹
566 803 575 829 :
602 796 643 831 et
660 790 773 845 quod
796 790 836 831 in
860 805 939 832 usu
960 801 1022 834 est
1042 825 1053 841 ,
1082 802 1123 835 et
1154 794 1277 837 foetus
1299 797 1474 854 pecudis
1492 830 1502 847 ,
1522 805 1564 838 et
1585 796 1686 853 pulli

342 860 651 902 columbarum.
681 859 732 902 Et
761 860 854 902 ideo
872 859 914 902 iu
933 863 1209 920 appellatione
1226 865 1410 908 filiorum
1432 881 1517 909 non
1537 876 1600 908 est
1620 881 1693 907 ex-

342 931 500 990 pressio
532 930 763 988 significata
793 941 966 975 naturae.
1002 933 1057 977 At
1078 950 1176 978 vero
1204 937 1236 978 si
1259 947 1452 980 naturam
1477 937 1694 995 designare

342 1004 551 1051 desidero,
573 1010 642 1043 aut
659 1001 875 1044 hominem
893 1006 1168 1061 nuncupabo,
1189 1017 1260 1050 aut
1277 1023 1432 1064 equum
1449 1008 1692 1056 nominabo,

343 1082 415 1116 aut
438 1088 555 1115 avem
583 1072 721 1114 dicam
735 1104 744 1121 ,
764 1081 810 1114 ut
826 1083 976 1116 natura
999 1076 1129 1132 possit
1150 1078 1338 1135 intelligi.

403 1143 593 1187 XCVIII.
632 1144 691 1185 Ita
714 1159 812 1202 ergo
836 1145 869 1186 si
891 1155 1084 1189 naturam
1106 1149 1230 1206 cupio
1249 1150 1469 1207 designare
1486 1149 1665 1192 divinam
1684 1182 1694 1198 ,

346 1218 484 1258 Deum
513 1231 659 1258 verum
687 1217 821 1259 debeo
844 1219 1073 1262 nominare.
1105 1220 1212 1263 Cum
1236 1231 1376 1264 autem
1404 1222 1557 1264 Filium
1577 1222 1670 1263 dico
1686 1252 1698 1270 ,

345 1295 590 1345 generatum
607 1286 796 1344 significo
820 1303 830 1330 z
850 1304 948 1331 cum
969 1290 1135 1332 Patrem
1155 1307 1322 1349 quoque
1343 1292 1460 1340 dico,
1480 1307 1698 1349 generasse

347 1359 529 1401 declaro.
548 1357 638 1400 Non
663 1373 760 1414 ergo
780 1359 877 1400 hinc
897 1368 1055 1401 naturae
1068 1360 1363 1404 discretionem
1375 1361 1516 1410 facias,
1532 1376 1630 1403 cum
1645 1361 1698 1402 sit

348 1429 429 1472 hoc
441 1428 783 1486 significatorium
795 1431 1031 1486 generantis
1041 1439 1081 1472 et
1090 1431 1235 1488 geniti:
1251 1422 1544 1489 significatoria
1555 1439 1700 1487 'autem

348 1499 623 1555 hujusmondi
636 1499 1126 1557 exprimuntsubstantiae
1140 1503 1388 1559 qualitatem
1404 1519 1415 1551 3
1436 1502 1556 1544 multi
1570 1503 1697 1550 enim,

349 1580 397 1613 ut
419 1571 524 1620 dixi,
549 1570 646 1620 filii,
672 1572 745 1613 sed
764 1571 978 1615 diversitas
997 1572 1181 1616 filiorum
1204 1588 1213 1616 ε
1238 1574 1342 1616 alius
1378 1589 1453 1631 per
1475 1581 1666 1615 naturam
1686 1605 1695 1621 ,

353 1643 455 1685 alius
477 1658 552 1699 per
568 1642 759 1699 gratiam.

408 1713 563 1758 XCIX.
599 1713 736 1755 Multae
755 1721 956 1755 creaturae
974 1713 1202 1756 invisibiles
1224 1723 1266 1757 et
1288 1715 1468 1757 visibiles
1488 1729 1498 1755 τ
1522 1712 1704 1755 invisibi-

350 1788 426 1835 les,
453 1789 496 1826 ut
511 1784 773 1841 Principatus
794 1792 835 1825 et
850 1783 1098 1833 Potestates,
1117 1785 1275 1827 Throni
1300 1793 1341 1826 et
1362 1784 1698 1827 Dominationos:

352 1856 556 1904 visibiles,
582 1863 628 1897 ut
645 1855 705 1896 sol
723 1887 732 1902 ‚
751 1855 870 1902 luna,
891 1855 1042 1904 stellae‚
1068 1855 1219 1903 homo,
1243 1864 1368 1897 terra.
1397 1854 1507 1911 Ergo
1531 1854 1703 1895 diversae

353 1929 531 1988 species,
557 1935 598 1969 et
622 1926 794 1968 diversae
817 1934 1104 1967 creaturarum
1135 1926 1376 1968 snbstantiae
1415 1933 1525 1966 sunt.
1557 1924 1703 1980 Itaque

355 2001 386 2043 si
410 2000 508 2042 velis
525 1997 827 2056 proprietatem
853 2005 1055 2038 creaturae
1077 1996 1254 2053 alicujus
1273 1997 1529 2053 exprimere,
1555 2003 1624 2036 aut
1640 2009 1703 2035 so-

352 2073 458 2121 lem,
487 2079 558 2113 aut
575 2071 718 2112 lunam
746 2067 1005 2115 nominabis,
1033 2076 1102 2109 aut
1122 2068 1259 2109 stellas
1281 2082 1289 2108 ε
1310 2075 1351 2109 et
1373 2067 1431 2109 sic
1458 2065 1702 2122 intelligitur

317 2167 323 2170 ·
354 2142 455 2200 quid
480 2142 552 2189 sit,
579 2140 694 2197 quod
716 2138 1037 2196 significandum
1064 2138 1287 2195 putaveris.

413 2213 459 2255 C.
493 2213 700 2253 Caeterum
720 2209 751 2251 si
774 2210 931 2251 sactum
951 2209 1062 2250 dicas
1091 2218 1163 2250 aut
1188 2216 1378 2250 creatum
1395 2238 1405 2258 ,
1440 2206 1554 2263 quod
1574 2205 1705 2247 inter-

355 2284 455 2324 dum
477 2282 631 2323 Filium
654 2281 826 2328 dicunt3
853 2280 948 2335 quia
971 2280 1102 2320 multa
1120 2279 1227 2320 sacta
1250 2286 1291 2320 et
1315 2286 1454 2319 creata
1478 2283 1595 2323 sunt,
1622 2289 1705 2316 non

356 2352 655 2410 proprietatem
679 2349 920 2391 substantia:
947 2348 1098 2389 videris
1126 2347 1404 2404 significasse,
1431 2347 1502 2387 sed
1524 2345 1707 2402 speciem

355 2421 578 2479 qualitatis.
612 2420 736 2462 Aliud
763 2419 874 2460 enim
894 2417 1149 2464 substantia,
1178 2417 1290 2459 aliud
1314 2417 1488 2473 qualitas
1519 2424 1592 2457 est.
1629 2415 1708 2455 De-

355 2494 481 2549 nique
505 2491 682 2533 diximus
706 2498 748 2531 et
773 2489 894 2537 alibi,
921 2493 1038 2529 οὐσίαν
1062 2488 1115 2529 ita
1140 2489 1435 2545 interpretatos
1457 2485 1644 2531 Latinos,
1663 2492 1709 2525 ut

353 2561 626 2604 substantiam
651 2560 853 2602 dicerent.
898 2563 998 2599 οὐσία
1021 2566 1160 2599 autem
1186 2558 1260 2600 Dei
1284 2572 1381 2599 cum
1405 2557 1581 2602 dicitur,
1608 2553 1708 2609 qnid

355 2634 467 2675 aliud
489 2631 761 2688 significatur,
787 2629 863 2671 nisi
891 2629 1025 2670 Deam
1062 2646 1175 2686 semp
1197 2646 1226 2670 -Γ
1253 2628 1372 2671 csse?
1401 2627 1526 2679 Quod
1560 2626 1708 2668 litterae

401 2726 522 2758 ¹Joan.
548 2735 617 2759 vni,
636 2724 684 2761 44.
