1768 3283
310 312 394 362 [188
856 328 888 356 S·
927 328 1116 356 AMBnosu

372 405 420 447 ΙΙ.
461 405 551 448 Non
580 405 621 447 in
653 420 821 447 carnem
853 415 1038 448 mutatus
1070 407 1181 448 Dens
1212 407 1421 458 Verbum,
1447 424 1585 466 neque
1613 417 1659 451 ut

314 483 527 531 spectrum
546 491 769 533 apparens,
790 477 862 518 sed
877 477 964 518 sine
976 477 1207 518 mutatione
1223 486 1264 519 et
1283 479 1526 521 alteratione
1542 494 1658 521 suam

315 560 566 587 conservans
590 545 862 587 substantiam
877 579 888 594 ,
916 555 1148 604 assumptas
1171 555 1329 589 natura:
1347 556 1497 589 nostrae
1519 547 1662 604 primi·

315 615 390 656 tias
414 615 491 656 sibi
515 615 634 657 uniit.
663 615 753 657 Non
771 616 1027 673 principium
1058 632 1228 659 sumens
1257 618 1370 660 Deus
1397 618 1585 661 Verbum
1613 632 1665 660 ex

317 685 509 741 Virgine,
535 687 608 727 sed
631 686 744 727 Patri
765 701 840 727 suo
863 696 1095 729 coaeternus
1112 679 1292 730 existens
1311 722 1321 737 ,
1342 698 1499 731 naturae
1514 698 1665 731 nostrae

318 755 522 811 primitias
535 770 611 812 per
627 755 875 799 immensam
895 757 1127 799 bonitatem
1146 758 1223 800 sibi
1241 758 1360 801 unire
1377 759 1568 816 dignatus
1586 766 1664 807 est,

318 841 403 867 non
424 827 676 869 commixtus
700 860 709 875 ‚
734 828 808 869 sed
834 827 876 868 in
900 835 1077 884 utraque
1098 828 1330 870 substantia
1356 844 1462 870 unus
1488 836 1530 870 et
1556 828 1666 870 idem

322 911 546 954 apparens,
574 898 682 939 sicut
712 898 914 955 scriptum
939 906 1001 939 est
1024 912 1067 938 τα
1089 897 1246 940 Solvite
1266 899 1470 955 templum
1496 897 1598 946 hoc,
1627 904 1669 939 et

319 968 392 1009 »in
417 969 549 1010 tribus
573 969 720 1010 diebus
737 969 927 1010 excitabo
952 968 1121 1011 illud¹.n
1135 968 1319 1011 Solvitur
1340 969 1450 1011 enim
1477 968 1670 1011 Christus

319 1040 431 1082 Deus
453 1041 688 1082 secundum
715 1055 852 1081 meam
876 1040 1153 1082 substantiam
1169 1072 1178 1088 ‚
1204 1056 1328 1096 quam
1357 1040 1579 1096 assumpsit
1604 1046 1672 1080 :et

320 1111 506 1152 solutum
540 1112 747 1168 templum
780 1110 891 1152 idem
923 1112 1078 1153 excitat
1104 1111 1338 1154 secundum
1372 1110 1554 1153 divinam
1577 1110 1672 1152 sub-

321 1182 540 1230 stantiam,
564 1183 799 1224 secundum
822 1197 946 1238 quam
971 1191 1012 1224 et
1032 1181 1221 1223 omnium
1239 1190 1299 1223 est
1325 1180 1531 1222 conditor.

382 1253 453 1295 111.
489 1253 711 1309 Nunquam
744 1261 839 1311 post
866 1251 1092 1301 unionem,
1123 1268 1250 1311 quam
1274 1251 1352 1293 sibi
1378 1266 1428 1293 ex
1460 1251 1546 1307 ipsa
1570 1264 1672 1292 con-

320 1325 516 1382 ceptione
539 1326 660 1366 unire
687 1325 880 1381 dignatus
911 1333 997 1374 est,
1019 1325 1086 1366 vel
1115 1339 1136 1366 a
1158 1338 1233 1365 suo
1262 1323 1420 1379 templo
1439 1323 1643 1363 recedens
1661 1352 1672 1370 ,

318 1397 384 1437 vel
403 1405 577 1453 propter
594 1395 850 1437 ineffabilem
869 1394 1173 1453 benignitatem
1190 1394 1330 1435 valens
1354 1393 1570 1434 recedere.
1593 1391 1677 1433 Sed

320 1465 432 1508 idem
459 1474 522 1508 est
543 1465 726 1523 patibilis
750 1474 791 1508 et
815 1465 1084 1523 impatibilis;
1109 1464 1292 1521 patibilis
1326 1463 1560 1506 secundum
1594 1462 1677 1504 hu-

322 1536 591 1588 manitatem,
625 1535 869 1594 impatibilis
906 1537 1146 1578 secundum
1180 1534 1470 1577 Divinitatem.
1494 1550 1511 1572 ι
1529 1531 1677 1576 Videte

324 1625 339 1645 ι»
354 1607 464 1648 enim
479 1639 490 1656 ‚
516 1607 653 1649 videte
676 1622 764 1659 me,
790 1607 885 1663 quia
902 1621 980 1663 ego
997 1621 1088 1648 sum
1105 1638 1116 1654 ,
1136 1613 1178 1647 et
1194 1620 1278 1647 non
1297 1604 1510 1662 mutor².:»
1521 1604 1679 1648 Resus-

325 1676 451 1718 citato
477 1676 603 1734 igitur
627 1678 784 1734 templo
806 1691 882 1719 suo
905 1677 1020 1718 Deus
1042 1675 1229 1718 Verbum
1246 1707 1257 1723 ,
1279 1683 1320 1716 et
1343 1675 1384 1716 in
1407 1674 1495 1731 ipso
1517 1681 1678 1715 naturae

326 1755 478 1789 nostrae
501 1747 812 1789 resurrectione
831 1761 877 1788 ac
901 1746 1173 1789 renovatione
1196 1744 1403 1803 perfecta,
1428 1744 1539 1787 hanc
1556 1743 1676 1786 disci-

325 1816 433 1875 pulis
451 1817 534 1859 suis
552 1819 777 1859 ostendens
796 1817 964 1859 dicebat
985 1831 995 1858 τ
1014 1815 1207 1873 «Palpate
1224 1829 1310 1864 me,
1331 1822 1372 1856 et
1394 1813 1547 1861 videte.
1566 1814 1681 1871 quod

339 1887 538 1945 »spiritus
584 1902 756 1929 carnem
781 1895 822 1929 et
847 1901 937 1928 ossa
970 1901 1054 1928 non
1079 1885 1231 1933 habet,
1258 1885 1367 1927 sicut
1388 1884 1536 1926 videtis
1558 1898 1642 1931 me,
1659 1902 1676 1923 ι»

330 1972 414 1999 non
432 1972 538 2006 esse,
558 1957 632 1999 sed
647 1956 871 2004 «habereffi
888 1974 903 1995 ι
917 1964 962 1998 ut
988 1956 1215 1999 habentem
1237 1963 1278 1996 et
1303 1955 1345 1996 id
1367 1955 1481 2011 quod
1502 1954 1682 1996 habetur

328 2026 614 2075 considerans,
634 2041 718 2068 non
736 2026 999 2075 mixtionem,
1017 2040 1102 2067 non
1126 2025 1464 2073 conversionem,
1485 2039 1563 2066 nec
1583 2024 1680 2066 alte·

326 2098 558 2145 rationem,
583 2099 655 2139 sed
673 2097 874 2139 unionem
893 2097 1048 2139 factam
1066 2096 1288 2153 intelligas.

385 2166 453 2210 IV.
491 2167 589 2209 Ideo
610 2165 820 2208 etfixuras
837 2168 1054 2209 clavorum
1079 2175 1121 2208 et
1145 2167 1303 2208 lanceae
1326 2164 1458 2207 ictum
1483 2166 1680 2207 demons-

329 2237 476 2284 travit,
501 2244 542 2278 et
564 2251 707 2279 coram
733 2236 959 2294 Discipulis
978 2236 1186 2284 comedit3
1215 2243 1262 2278 ut
1285 2235 1402 2277 omni
1422 2235 1583 2277 ratione
1606 2250 1681 2278 na-

329 2316 431 2349 turae
450 2316 601 2349 nostrae
623 2307 975 2350 resurrectionem
995 2307 1037 2349 in
1060 2323 1103 2349 se
1121 2314 1364 2349 renovatam
1389 2307 1673 2363 persuaderet.

329 2378 382 2420 Et
405 2393 501 2419 cum
523 2378 757 2419 secundum
788 2378 953 2419 beatam
983 2377 1221 2418 Divinitatis
1240 2376 1518 2418 substantiam
1545 2385 1680 2418 muta-

329 2448 454 2489 tionis
473 2456 515 2490 et
536 2447 792 2490 alterationis
813 2462 978 2504 expers,
1003 2446 1261 2504 impatibilis,
1286 2445 1548 2494 immortalis,
1566 2446 1682 2487 nulla

330 2533 375 2559 re
395 2518 583 2575 indigens
599 2526 728 2566 esset,
746 2518 958 2575 passiones
976 2532 1122 2559 omnes
1145 2517 1302 2573 templo
1322 2529 1397 2558 suo
1423 2515 1568 2558 inferri
1588 2531 1681 2573 per·

383 2640 389 2653 ¹
412 2631 507 2662 Joan.
528 2642 564 2670 ιι,
587 2642 635 2674 ¹9·
654 2649 694 2656 -
713 2642 725 2655 ²
746 2632 885 2664 Malach.
906 2644 956 2671 ιιι,
973 2632 1004 2664 6.
1023 2650 1060 2656 -
1079 2632 1093 2656 ³
1111 2632 1190 2664 Luc.
1208 2640 1295 2667 xxw,
1322 2629 1376 2673 39.
