1806 3256
496 291 546 319 m:
578 292 690 326 Finis,
726 291 804 319 Lm.
845 290 889 319 11.
1315 281 1370 338 73

22 372 161 416 »misit
186 387 278 421 mc,
301 379 342 413 et
364 370 542 428 Spiritus
565 369 701 427 cjus¹.
724 388 741 410 »
766 370 918 427 Utique
942 369 1013 428 qui
1037 371 1192 414 coelum
1213 370 1312 414 fecit
1329 381 1371 414 et

21 453 198 492 terram;
224 443 311 500 ipse
328 441 428 483 dicit
447 457 468 483 a
489 441 670 483 Domino
691 450 733 484 et
757 457 778 483 a
796 441 957 499 Spiritu
973 442 1065 500 ejus
1089 458 1178 485 esse
1204 457 1247 484 se
1268 442 1371 484 mis-

21 529 126 557 sum.
155 512 315 556 Videtis
337 526 435 567 ergo
457 513 568 568 quod
594 511 838 568 simplicitas
856 512 1060 554 sermonis
1077 545 1088 562 ,
1113 527 1198 554 non
1221 511 1370 567 injuria

21 583 308 640 missionis-sit.
340 583 431 640 lpse
449 582 574 640 igitur
594 582 743 624 missus
763 596 782 623 a
799 582 936 632 Patre,
964 582 1050 640 ipse
1067 591 1131 626 est
1152 582 1302 626 missus
1321 583 1371 624 ab

22 655 193 714 Spiritu.

79 725 270 769 LXXXI.
306 725 357 766 Et
379 733 423 766 ut
444 739 672 782 cognoscas
690 726 848 767 nullam
865 725 1094 782 majestatis
1116 741 1206 768 esse
1225 726 1378 768 distan-

23 795 141 844 tiam,
166 795 290 836 etiam
313 795 442 836 Filius
467 794 669 851 Spiritum
690 795 836 843 mittit,
854 794 1068 853 sicutipse
1090 796 1192 837 dixit
1211 811 1220 836 τ
1238 814 1252 834 α
1272 797 1378 836 Cum

25 884 40 905 n
54 865 213 906 venerit
232 873 370 906 autem
389 865 645 914 Paracletus,
667 880 792 921 quem
813 880 889 922 ego
909 865 1073 907 mittam
1092 866 1209 908 vobis
1228 865 1381 922 assPatre

26 950 172 982 numo,
208 934 385 991 Spiritus
417 935 625 983 veritatis,
657 935 727 991 qui
758 950 778 976 a
810 934 931 976 Patre
965 950 1059 977 meo
1095 934 1330 992 p1·ocedit².
1354 954 1368 971 υ

26 1005 146 1048 Hunc
171 1005 365 1045 eumdem
384 1004 647 1045 Paracletum
672 1011 749 1045 eta
774 1003 897 1045 Patre
919 1019 1008 1046 esse
1031 1004 1286 1046 mittendum
1312 1019 1383 1045 su-

26 1089 101 1131 pra
120 1074 259 1115 docuit
279 1075 420 1114 diceus
437 1089 445 1114 :
465 1092 477 1111 a
497 1075 736 1116 Paracletus
755 1082 895 1115 autem
912 1073 981 1116 ille
999 1074 1178 1132 Spiritus
1196 1083 1384 1123 sanctus,

28 1160 182 1200 »quem
207 1146 342 1185 mittet
374 1146 495 1186 Pater
529 1145 569 1186 in
604 1145 775 1186 nomine
808 1144 946 1188 mco³.
972 1165 987 1184 »
1016 1146 1118 1188 Vide
1151 1146 1383 1193 unitatem,

29 1215 124 1272 quia
148 1231 270 1271 quen]
308 1216 419 1257 Deus
446 1216 567 1257 Pater
600 1215 752 1263 mittit,
786 1216 916 1257 mittit
942 1225 984 1257 ct
1006 1215 1167 1258 Filius:
1193 1224 1234 1257 et
1262 1231 1386 1271 quem

29 1287 156 1329 mittit
183 1287 319 1336 Pater,
345 1286 470 1327 mittit
505 1295 546 1328 et
569 1286 762 1343 Spiritus.
788 1285 874 1328 Aut
895 1287 927 1328 si
950 1288 1101 1329 nolunt
1118 1287 1272 1328 Filium
1292 1286 1390 1328 mis-

32 1372 120 1398 sum
137 1389 147 1405 ,
173 1357 266 1412 quia
289 1357 500 1398 dexteram
523 1356 654 1398 Patris
676 1357 831 1398 Filium
851 1356 1057 1413 legimus;
1088 1357 1165 1414 ipsi
1191 1359 1244 1399 de
1269 1358 1391 1399 Patre

33 1429 146 1484 quod
176 1429 226 1468 de
256 1427 361 1468 Filio
395 1428 612 1475 abnuunt,
645 1427 923 1469 fatebuntur:
948 1428 1026 1470 nisi
1053 1428 1160 1470 sorte
1182 1436 1252 1470 aut
1287 1429 1392 1470 alte-

35 1514 125 1539 rum
173 1498 250 1539 sibi
286 1498 451 1539 Patrem
476 1531 486 1546 ,
527 1506 597 1540 aut
636 1498 813 1539 alterum
857 1498 936 1539 sihi
979 1499 1132 1540 Filium
1179 1499 1394 1540 inveniant

33 1568 212 1611 Arriani.

92 1639 236 1681 Lxxx
253 1640 304 1681 ll.
342 1638 500 1681 Sileant
518 1639 644 1697 igitur
666 1639 809 1681 inanes
835 1640 886 1681 de
909 1640 1172 1683 sermonibus
1196 1640 1392 1697 quaestio-

36 1724 131 1756 nes;
154 1709 245 1765 quia
269 1725 446 1766 regnum
468 1710 570 1758 Dei,
596 1709 703 1751 sicut
721 1709 925 1767 scriptum
948 1719 1031 1758 est,
1056 1726 1140 1752 non
1166 1710 1205 1752 in
1225 1726 1391 1767 persua-

38 1779 151 1820 sione
190 1779 306 1820 verbi
338 1788 423 1826 est,
458 1778 533 1820 sed
566 1779 607 1820 in
637 1779 874 1821 ostensione
908 1779 1072 1822 virtutis
1098 1780 1128 1821 Δ.
1166 1780 1392 1822 Scrvcmus

39 1849 348 1890 distinctionem
363 1849 651 1891 Divinitatiset
664 1850 813 1892 carnis.
833 1851 946 1891 [nus
962 1851 1002 1891 in
1016 1859 1194 1907 utraque
1207 1851 1395 1907 loquitur

39 1919 115 1961 Dei
144 1920 298 1966 Filius,·
325 1920 420 1975 quia
450 1920 489 1961 in
508 1921 654 1961 eodem
676 1929 854 1976 utraque
877 1929 1025 1962 natura
1043 1930 1105 1963 est
1127 1936 1135 1962 :
1163 1929 1204 1962 et
1227 1921 1257 1962 si
1283 1921 1394 1962 idem

41 1991 240 2046 loquitur,
255 2006 336 2031 non
349 2005 606 2047 unoscmper
619 1991 804 2047 loquitur
817 1992 957 2033 modo.
977 1993 1154 2034 Intende
1168 1992 1207 2033 in
1220 2007 1269 2034 eo
1284 2006 1397 2033 nunc

41 2060 213 2116 gloriam
239 2061 329 2108 Dei,
356 2076 468 2102 nunc
484 2061 664 2102 hominis
686 2061 912 2117 passiones.
937 2061 1190 2112 QuasiDeus
1212 2061 1396 2117 loquitur

43 2144 133 2185 quae
154 2138 251 2171 sunt
282 2129 538 2186 divina,quia
563 2129 748 2171 terbum
770 2138 831 2171 est
853 2145 861 2171 τ
894 2131 1010 2186 quasi
1039 2131 1167 2172 homo
1191 2131 1397 2186 dicitquae

43 2206 138 2240 sunt
170 2199 369 2247 humana,
399 2200 496 2256 quia
518 2200 559 2240 in
582 2215 672 2242 mea
691 2199 922 2241 substantia
946 2200 1213 2256 loquebatur.

97 2270 331 2315 LXXVIII.
381 2288 396 2308 α
422 2271 499 2312 Hic
533 2278 594 2312 est
628 2270 745 2327 panis
783 2270 898 2312 vivus
922 2303 932 2319 ,
975 2271 1046 2327 qui
1088 2271 1304 2312 descendit
1347 2271 1397 2312 de

45 2341 181 2381 »coelo
198 2340 228 2381 ⁵.
251 2358 266 2378 n
287 2340 408 2381 Panis
433 2340 500 2382 hic
529 2355 625 2381 caro
644 2350 731 2389 est.
748 2340 962 2397 sicutipse
984 2340 1116 2382 dixit:
1144 2357 1159 2375 α
1174 2341 1251 2382 Hic
1275 2340 1390 2396 panis

46 2425 200 2466 »quem
220 2425 296 2467 ego
317 2410 448 2459 dabo,
474 2426 571 2452 caro
594 2426 686 2452 mea
714 2409 816 2453 es'tss.
844 2428 859 2449 ι)
887 2410 964 2451 llic
992 2418 1053 2451 est
1079 2410 1150 2466 qui
1179 2409 1397 2451 descendit:

48 2481 98 2522 de
128 2482 256 2530 coelo,
288 2481 355 2522 hic
386 2489 446 2523 est
479 2497 605 2539 quem
637 2482 759 2524 Pater
791 2479 1094 2528 sanctificavit,
1126 2489 1183 2521 et·
1206 2479 1318 2521 misit
1353 2479 1395 2520 in

94 2591 103 2607 ¹
126 2584 198 2615 lsai.
218 2594 330 2621 xrvm,
364 2585 468 2616 12-16.
490 2602 528 2609 -
549 2594 560 2609 ⁸
588 2585 685 2617 Joan.
713 2595 764 2621 xv,
797 2585 848 2618 2¹5.
866 2601 905 2610 -ι-
932 2585 947 2608 3
969 2583 1022 2617 121.
1038 2593 1104 2625 nv,
1123 2582 1176 2616 26.
1195 2600 1234 2608 --
1251 2582 1264 2607 ⁴
1321 2583 1401 2614 Gora·

50 2649 71 2671 11
87 2663 94 2676 ,
110 2638 142 2678 4.
158 2657 196 2664 --
215 2641 226 2663 ⁵
247 2639 402 2681 Joan.v1,
422 2642 522 2674 51.—-
545 2642 559 2664 ⁶
580 2639 666 2674 thid.
688 2640 742 2672 52.
