1768 3283
502 353 552 380 nn
585 352 695 386 mne,
730 351 808 379 mn.
848 351 887 378 v.
1291 340 1373 382 223

28 447 170 475 servus
190 439 277 480 est3
301 430 395 487 quia
412 429 590 472 sormam
608 429 736 478 servi,
757 428 916 485 inquit,
940 427 1125 486 accepst'
1154 445 1163 470 ε
1189 444 1298 472 unus
1322 440 1375 472 tn-

27 517 124 545 men
145 510 267 558 atque
289 500 400 542 idem
424 509 486 542 est
502 499 644 542 Filius.
684 498 838 541 Contra
864 507 1003 540 autem
1028 507 1174 540 sancto
1197 500 1377 557 patriar-

30 573 119 616 chae
140 572 273 616 David
301 572 534 614 secundum
560 570 734 628 gloriam
766 585 884 612 suam
905 570 1109 612 Dominus
1128 578 1209 619 est,
1232 586 1378 613 secun-

31 643 131 685 dum
185 641 412 699 corporalis
464 640 742 684 successionis
794 640 943 683 seriem
996 639 1105 682 filius
1158 649 1247 690 est,
1275 657 1381 684 ·non

32 711 231 754 deficiens
251 727 270 753 a
289 727 332 754 se
347 744 357 761 ,
382 713 455 753 sod
473 721 625 754 nostrae
643 711 709 767 jus
732 710 808 752 sibi
827 710 1064 768 'adoptionis
1084 709 1318 767 acquirens.

91 781 234 824 CVIII.
274 781 360 825 Nec
377 782 513 823 solum
532 796 582 822 cx
605 796 756 838 genere
780 780 911 822 David
933 780 1178 822 servitutem
1198 779 1380 836 suscepit

34 853 74 896 in
101 867 279 911 persona
302 852 511 901 hominis;
543 853 616 894 sed
647 852 772 893 etiam
794 867 844 893 ex
869 851 1037 892 nomine
1055 883 1064 900 ‚
1085 851 1193 892 sicut
1221 851 1350 893 habes
1376 866 1384 892 z

45 922 221 964 «Inveni
252 922 386 965 David
421 937 587 979 servum
619 921 818 970 meum23
849 930 923 962 »eL
956 921 1082 963 alibi:
1124 940 1138 958 t«
1164 922 1273 963 Ecce
1309 937 1386 978 ego

36 1011 51 1032 n
67 993 230 1034 mittam
254 994 306 1034 ad
331 1008 400 1034 vos
434 1008 601 1034 servum
626 1008 792 1041 meum,
819 991 970 1034 Oriens
993 1006 1147 1033 nomen
1172 999 1234 1034 est
1259 992 1341 1041 ei³,
1362 1012 1376 1031 »

37 1062 90 1105 Et
121 1062 208 1120 ipse
230 1061 359 1104 Filius
383 1063 437 1105 ait
459 1077 468 1103 t
496 1062 599 1105 «Sic
628 1064 729 1104 dicit
752 1062 982 1111 Dominus,
1009 1062 1078 1118 qui
1103 1060 1221 1104 finxit
1252 1078 1318 1104 mc
1343 1079 1392 1105 cx

39 1141 189 1174 »utero
225 1147 391 1174 servum
427 1133 530 1184 sibi,
567 1142 608 1175 et
643 1133 744 1174 dixit
768 1133 873 1174 mihi
896 1149 904 1173 :
930 1133 1127 1189 Magnum
1153 1132 1226 1175 tibi
1247 1142 1308 1175 est
1328 1149 1393 1175 vo-

38 1221 53 1241 »
70 1202 155 1244 cari
172 1218 351 1259 puerum
376 1218 532 1245 meum.
561 1204 671 1245 Ecce
689 1204 807 1260 posui
832 1212 872 1244 te
888 1203 929 1244 in
953 1211 1249 1245 testamentum
1272 1219 1394 1260 genc-

16 1316 17 1319 ,
40 1272 125 1314 »ris
147 1272 253 1320 mei,
283 1272 321 1313 in
346 1274 484 1314 lucem
517 1273 728 1330 geminum
753 1282 799 1315 ut
824 1273 876 1315 sis
905 1272 946 1314 in
976 1274 1155 1314 salutem
1189 1289 1319 1331 usque
1346 1276 1396 1315 ad

41 1351 306 1385 »extremum
334 1343 492 1387 terrae⁶.
520 1362 533 1383 n
558 1345 635 1386 Cui
668 1345 749 1387 hoc
785 1344 957 1391 dicitur,
997 1343 1075 1385 nisi
1108 1343 1395 1400 Christopqui

44 1429 141 1457 cum
165 1413 207 1456 in
228 1413 361 1456 forma
392 1415 468 1457 Dei
506 1423 639 1464 esset,
666 1414 894 1457 exinanivit
916 1430 981 1461 se,
1007 1422 1048 1455 et
1079 1413 1257 1456 formam
1288 1415 1393 1456 servi

48 1483 211 1541 accepit
226 1483 258 1527 ⁵.
286 1484 399 1536 Quid
421 1493 484 1527 est
509 1485 549 1527 in
570 1485 647 1528 Dei
672 1485 826 1534 forma,
846 1484 924 1527 nisi
948 1484 989 1526 in
1011 1484 1246 1526 Divinitatis
1262 1484 1398 1542 pleni-

51 1553 227 1596 tudine?

109 1623 222 1666 CIX.
255 1623 376 1666 Disce
403 1624 528 1682 igitur
550 1624 651 1682 quid
673 1625 726 1667 sit
747 1641 755 1667 :
790 1624 989 1668 Formam
1014 1624 1121 1666 servi
1146 1624 1333 1682 accepit,
1359 1625 1401 1667 id

14 1735 18 1738 .
51 1700 137 1741 est,
176 1693 483 1750 plenitudinem
526 1695 795 1753 perfectionis
834 1696 1052 1743 humanae,
1098 1695 1402 1752 plenitudinem

53 1764 317 1807 ohedientiae.
340 1766 525 1823 Ideoque
543 1766 643 1808 dicit
661 1766 701 1808 in
722 1767 889 1809 Psalmo
909 1766 1120 1823 trigesimo
1142 1781 1152 1807 ε
1181 1784 1196 1804 «
1214 1766 1403 1808 statuisti

54 1834 126 1875 »in
144 1836 239 1877 loco
257 1836 437 1893 spatioso
460 1837 586 1894 pedes
610 1853 740 1879 meos.
761 1837 898 1894 Super
914 1852 1058 1878 omnes
1077 1836 1267 1878 inimicos
1289 1853 1404 1879 ineos

0 1895 1 1919 ³
54 1903 221 1946 »sactus
249 1921 339 1947 sum
363 1906 652 1964 opprobrium.
681 1908 847 1949 Illustfra
870 1907 1019 1948 faciem
1045 1915 1158 1948 tuam
1183 1922 1308 1963 super
1329 1922 1410 1948 sei·-

58 1989 186 2016 »vum
211 1984 329 2018 tuum
346 1976 375 2018 ⁶.
402 1996 416 2015 »
446 1978 597 2019 Servus
621 1977 756 2020 dictus
782 1987 844 2020 est
865 1978 993 2019 homo
1010 2011 1018 2025 ,
1046 1978 1088 2019 in
1112 1993 1194 2034 quo
1222 1978 1410 2019 sanctifi-

60 2052 177 2086 catus
200 2054 262 2087 est
283 2061 292 2087 :
319 2062 461 2088 servus
484 2047 612 2089 homo
627 2079 637 2096 ‚
660 2047 700 2088 in
724 2063 806 2103 quo
826 2055 978 2089 unctus
996 2056 1058 2089 est
1080 2064 1089 2087 :
1115 2063 1258 2090 servus
1284 2048 1412 2090 homo

60 2113 103 2156 in
126 2130 209 2170 quo
232 2115 366 2158 factus
403 2117 480 2158 sub
513 2117 622 2173 Lege
637 2150 647 2165 ,
681 2117 877 2159 sactusex
894 2116 1063 2174 Virgine
1085 2126 1168 2165 est3
1190 2125 1231 2158 et
1248 2126 1293 2159 ut
1317 2133 1410 2159 coni

61 2186 216 2241 pendio
245 2186 409 2236 dicam,
434 2203 576 2230 servus
606 2188 742 2230 dictus
764 2197 854 2237 est,
874 2188 914 2229 in
947 2202 1028 2244 quo
1051 2196 1230 2229 matrem
1264 2187 1414 2236 hahet,

61 2254 204 2297 »sicut
238 2256 443 2313 scriptum
478 2265 568 2299 est:
594 2275 608 2295 «
628 2258 664 2300 O
687 2257 888 2307 Domine,
918 2273 994 2314 ego
1020 2272 1162 2299 servus
1189 2266 1284 2299 tuus
1305 2292 1313 2306 ‚
1342 2274 1418 2315 ego

67 2340 238 2368 »servus
258 2335 374 2375 tuus,
402 2335 442 2369 et
465 2327 575 2370 filius
599 2327 757 2370 ancillae
781 2327 937 2377 t11ae73»
959 2335 1001 2369 et
1033 2327 1131 2369 alibi
1153 2342 1163 2369 ε
1187 2344 1204 2366 α
1227 2328 1419 2371 Asslictus

66 2410 188 2438 »sum
218 2404 260 2438 et
279 2396 521 2439 humiliatus
546 2413 639 2439 sum
664 2399 831 2440 nimis⁸.
859 2416 875 2439 π

128 2464 216 2508 CX.
257 2466 361 2518 Quis
379 2466 502 2509 nimis
526 2467 769 2510 humiliatus
793 2477 877 2518 est,
908 2469 986 2512 nisi
1012 2470 1228 2518 Christus,
1259 2469 1329 2525 qui
1358 2484 1424 2511 ve-

118 2587 125 2600 ·
146 2578 265 2620 Philip.
288 2590 323 2614 Η,
346 2591 377 2621 7.
395 2597 436 2604 —
451 2590 463 2604 ¹
481 2580 562 2613 Psal.
590 2591 743 2618 Lxxxvnl‚
763 2592 815 2613 21.
829 2600 869 2605 —
890 2584 902 2606 ³
919 2583 1017 2614 Zach.
1037 2593 1085 2620 111,
1099 2583 1133 2614 8.
1148 2600 1187 2605 —-
1209 2583 1223 2608 ⁴
1241 2580 1316 2612 lsai.
1337 2592 1426 2618 xmx,

75 2632 106 2671 5,
121 2633 152 2665 6.
170 2649 212 2657 -
229 2635 241 2656 ⁵
262 2633 381 2676 Philip.
407 2645 443 2674 ιι,
458 2635 491 2676 6,
506 2645 536 2678 7.
556 2652 596 2660 —-
614 2636 629 2660 ⁰
644 2635 727 2670 Psal.
747 2646 822 2676 xxx,
840 2647 870 2680 9,
889 2646 925 2672 ιη
943 2642 976 2672 et
995 2647 1046 2682 17.
1061 2655 1101 2664 -—
1122 2643 1135 2675 ¹,⁷
1151 2635 1237 2682 Psalg
1252 2645 1324 2677 cius,
1339 2647 1371 2679 7.
1387 2652 1426 2660 —

74 2687 89 2710 ⁸
107 2685 157 2720 Id.
173 2697 297 2727 xxxvu,
315 2697 347 2730 9.
