1768 3283
342 302 423 359 390
886 318 917 345 s.
958 317 1147 344 Aiinnosu

340 394 562 437 divinitalis
595 396 669 437 ista
703 396 956 444 reseramus,
995 404 1035 436 et
1064 395 1283 436 credamus
1316 397 1429 451 quod
1457 396 1686 453 Apostolus

339 464 461 512 dixit,
499 465 594 520 quia
628 466 846 523 plenitudo
874 465 1108 507 Divinitatis
1141 466 1417 522 corporaliter
1448 465 1609 508 habitat
1644 467 1686 509 in

339 533 520 582 Christo,
541 543 582 575 et
598 535 758 576 habitat
780 535 819 575 in
842 535 976 585 Patre,
1002 543 1042 576 et
1061 534 1222 576 habitat
1244 535 1286 575 in
1311 534 1468 591 Spiritu
1485 535 1651 577 saneto¹
1675 552 1684 578 :

334 606 500 659 etquod
517 604 625 646 sicut
638 605 774 645 unitas
794 605 1042 652 Divinitatis,
1066 605 1120 645 ita
1137 614 1180 646 et
1199 604 1333 646 unitas
1351 606 1605 662 operationis
1623 607 1688 648 sit.

392 674 510 715 XXI.
543 674 669 725 Quod
689 675 813 715 etiam
829 690 878 716 ex
896 675 1070 716 Cantico
1089 675 1240 731 Moysis
1258 675 1396 731 colligi
1419 683 1580 731 potest3
1601 676 1690 733 ipse

337 743 447 784 enim
472 757 568 784 cum
596 758 671 800 per
693 743 820 784 maria
845 744 1096 785 traduxisset
1119 745 1322 800 populum
1351 743 1622 793 Judaeorum,
1650 753 1694 787 et

335 814 411 855 Dei
435 813 565 855 Patris
593 815 880 870 operationem
915 823 956 856 et
985 814 1077 856 Filii
1105 822 1167 855 est
1194 813 1408 856 confessus
1432 823 1474 857 et
1495 814 1690 872 Spiritus,

339 882 481 924 dicens
504 898 547 925 :a
565 884 744 926 Dextera
775 899 922 927 manus
954 893 1040 932 tua,
1078 884 1272 935 Domine,
1306 883 1538 940 glorificata
1560 892 1623 926 est
1650 884 1693 926 in

338 971 352 990 n
368 952 520 994 virtute
537 968 545 994 ε
562 954 729 995 dextera
741 969 888 996 manus
899 963 986 1002 tua,
999 954 1195 1003 Domine,
1210 954 1416 1011 confregit
1427 953 1652 997 inimicos².
1666 973 1682 993 ι)

340 1023 475 1064 lIabes
504 1024 599 1079 quia
632 1034 674 1065 et
703 1025 861 1066 Filium
889 1025 940 1065 sit
967 1024 1182 1065 coufessus
1204 1033 1246 1066 et
1266 1025 1459 1073 Patrem,
1490 1025 1612 1081 cujus
1633 1032 1696 1066 est

339 1093 520 1134 dextera.
545 1093 596 1134 Et
613 1092 736 1141 infra,
750 1109 802 1134 ne
821 1093 1023 1151 Spiritum
1036 1101 1228 1135 sanctum
1245 1094 1494 1150 praeteriret,
1512 1093 1665 1150 adjecit
1683 1108 1692 1134 τ

350 1180 363 1200 α
382 1161 525 1204 Misisti
544 1162 748 1220 Spiritum
774 1172 909 1213 tuum,
931 1172 973 1205 et
994 1164 1213 1221 cooperuit
1234 1178 1304 1205 eos
1326 1171 1519 1205 maretet
1536 1162 1697 1221 Spiritu

342 1232 598 1275 »iracundiae
617 1241 698 1275 tuae
725 1233 852 1275 divisa
872 1242 934 1275 est
953 1249 1057 1289 aqua
1071 1232 1100 1275 ³.
1125 1251 1139 1272 n
1156 1234 1253 1284 Quo
1281 1231 1539 1290 significatur
1562 1232 1698 1274 unitas

342 1302 592 1353 Divinitatis‚
613 1318 697 1345 non
717 1304 972 1360 inaequalitas
991 1303 1219 1345 Trinitatis.

396 1370 538 1414 XXII.
577 1372 702 1415 Vides
726 1374 854 1430 igitur
877 1374 974 1429 quia
994 1382 1033 1415 et
1057 1373 1236 1430 Spiritus
1254 1381 1423 1414 sanctus
1449 1380 1699 1430 cooperatus
1766 1414 1768 1417 .

343 1441 453 1482 Patri
471 1449 512 1482 et
528 1441 634 1484 Filio
654 1443 720 1489 sit,
741 1450 787 1484 ut
810 1451 1007 1499 tauquam
1031 1443 1422 1499 congelascentibus
1439 1443 1640 1485 ssuctibus
1657 1443 1700 1484 in
1765 1459 1768 1484 ε

344 1511 482 1553 medio
504 1512 632 1560 mari,
658 1527 862 1568 aquarum
887 1513 1058 1569 quidam
1090 1528 1235 1554 murus
1257 1513 1493 1569 insurgeret
1516 1514 1568 1555 ad
1590 1519 1702 1554 tran·

346 1581 472 1624 situm
501 1581 773 1631 «Iudaeorum,
805 1591 848 1624 et
881 1597 1025 1624 rursus
1062 1583 1357 1640 AEgyptiorum
1391 1582 1593 1639 populum
1626 1595 1701 1638 per

346 1653 550 1709 Spiritum
568 1652 732 1695 refusus
755 1653 997 1695 obrueretfi.
1022 1654 1123 1694 Inde
1144 1662 1186 1695 et
1208 1654 1450 1695 columnam
1475 1652 1599 1694 nubis
1618 1653 1704 1708 ple·

344 1722 464 1779 rique
486 1724 746 1779 praecessisse
768 1724 809 1765 in
831 1724 898 1765 die
921 1721 1075 1780 populo
1098 1722 1364 1771 Judaeorum,
1393 1731 1435 1764 et
1462 1723 1703 1764 columnam
1761 1740 1764 1763 ὲ

347 1792 451 1848 ignis
478 1792 520 1834 in
543 1801 668 1834 nocte
699 1794 980 1843 arbitrantur,
1007 1807 1089 1849 quo
1113 1801 1356 1850 protegeret
1381 1792 1552 1850 plebem
1585 1805 1703 1837 suam

347 1861 477 1918 gratia
496 1862 691 1918 spiritalis
705 1863 737 1905 ⁵.

402 1935 560 1977 XXIII.
589 1936 708 1977 Hanc
725 1942 864 1976 autem
889 1933 1178 1991 operationem
1199 1932 1293 1981 Dei,
1317 1946 1443 1989 quam
1462 1939 1575 1973 totus
1591 1930 1705 1977 orbis

348 2005 442 2062 jure
463 2004 665 2053 miratur,
691 2004 778 2045 sine
803 2003 934 2045 sancti
960 2003 1138 2060 Spiritus
1167 2018 1295 2059 opere
1324 2017 1407 2044 non
1432 2001 1559 2043 fuisse
1580 2000 1706 2043 etiam

349 2075 573 2131 Apostolus
595 2074 841 2121 declaravit,
867 2073 1010 2115 dicens
1033 2073 1075 2114 in
1099 2072 1232 2129 figura
1254 2072 1322 2114 illa
1344 2071 1605 2129 praecessisse
1628 2070 1708 2128 spi-

350 2146 480 2187 ritalis
512 2145 699 2203 mysterii
741 2144 984 2192 veritatem3
1023 2144 1083 2186 sic
1120 2143 1237 2185 enim
1273 2143 1467 2184 habam«
1494 2140 1707 2193 Quoniam
1758 2167 1761 2196 5

351 2227 520 2273 »patres
549 2215 678 2257 nostri
708 2230 854 2256 omnes
882 2215 958 2255 sub
992 2214 1106 2256 nube
1132 2213 1318 2261 fuerunt,
1346 2221 1387 2255 et
1416 2226 1561 2254 omnes
1591 2225 1707 2254 mare
1757 2222 1759 2241 ³

353 2305 367 2324 »
383 2285 652 2333 transierunt,
674 2293 715 2326 et
733 2299 879 2326 omnes
899 2284 938 2325 in
960 2284 1102 2340 Moyse
1125 2283 1323 2339 baptizati
1347 2291 1445 2324 sunt
1467 2281 1509 2323 in
1531 2281 1645 2323 nube
1666 2288 1708 2323 et:
1755 2332 1759 2335 ἢ

350 2373 364 2394 n
380 2355 422 2396 in
444 2354 575 2396 mari:
594 2362 635 2395 et
668 2369 814 2396 omnes
836 2354 1029 2395 eamdem
1053 2367 1193 2394 eseam
1219 2351 1449 2408 spiritalem
1474 2351 1706 2392 manduca·

352 2442 367 2463 »
383 2432 549 2472 verunt,
569 2432 609 2465 et
632 2438 776 2465 omnes
793 2423 991 2464 eumdem
1012 2430 1158 2479 potum
1180 2422 1408 2478 spiritalem
1427 2417 1659 2463 biberunt⁶.
1681 2437 1696 2459 n
1756 2455 1757 2470 ,

409 2494 565 2538 XXIV.
604 2494 708 2537 Nam
741 2494 1098 2550 quemadmodum
1131 2501 1254 2550 typus
1286 2490 1540 2535 sacramenti
1571 2489 1708 2548 potuit

394 2603 403 2617 ¹
425 2594 545 2626 Coloss.
568 2605 590 2625 ιι
606 2616 615 2633 ,
634 2605 664 2636 9.
692 2612 731 2617 —
751 2604 762 2618 ¹
793 2593 893 2626 Exod.
914 2604 967 2633 xv,
996 2594 1029 2625 6.
1047 2612 1087 2618 —-
1103 2594 1117 2616 ³
1139 2593 1225 2627 lbid.
1259 2604 1308 2627 10.
1327 2612 1367 2618 —-
1392 2594 1403 2619 ⁴
1425 2592 1474 2625 ld.
1494 2600 1562 2628 xiv,
1579 2600 1632 2623 n.
1653 2606 1692 2615 -
1755 2587 1757 2589 ¹

351 2650 363 2670 ⁵
384 2647 435 2679 ld.
450 2657 525 2687 xm,
545 2658 595 2680 ιι.
613 2666 650 2672 -
671 2649 685 2672 ⁶
706 2658 716 2678 1
737 2648 812 2680 Cor.
839 2658 873 2687 x,
894 2658 922 2686 ι,
945 2653 976 2680 et
992 2657 1083 2690 seqq.
