1768 3283
365 278 452 327 464
905 289 936 316 s.
975 289 1165 317 smnnosu

365 375 512 425 putent
528 367 622 423 quia
640 365 839 408 Divinitas
856 365 1024 408 Domini
1043 365 1290 424 circumcisa
1311 373 1388 414 est,
1408 373 1450 407 et
1465 365 1706 423 imperfecta

367 440 418 478 de
445 436 627 494 perfecta
656 436 763 477 facta
790 444 874 483 est3
898 443 940 478 et
962 436 1003 477 in
1025 436 1136 492 ligno
1164 450 1248 477 non
1277 450 1394 484 car0,
1419 436 1493 477 sed
1516 437 1584 478 illa
1615 451 1710 493 ope-

366 513 494 550 ratrix
510 506 698 548 omnium
717 505 948 548 substantia
970 505 1106 547 divina
1124 505 1166 546 in
1187 505 1322 547 carnis
1340 505 1477 562 specie
1493 508 1709 562 coagulata

366 576 589 634 pendebat.
623 575 726 627 Quis
757 583 895 616 autem
927 590 1011 617 non
1041 575 1285 617 horrescat?
1316 575 1419 626 Quis
1449 575 1590 617 audiat
1614 575 1709 631 quia

367 663 451 689 non
470 663 519 688 ex
544 646 669 689 Maria
693 645 868 702 virgine,
893 647 966 687 sed
991 661 1041 686 ex
1062 645 1197 687 divina
1221 646 1449 687 substantia
1470 645 1709 703 passibilem

367 716 444 759 sibi
467 730 635 757 carnem
652 715 800 756 fecerit
820 716 897 757 Dei
919 714 1138 757 Verbum?
1162 716 1288 767 Quod
1310 717 1530 757 asserendo
1548 730 1596 757 eo
1615 731 1710 772 pro·

365 788 582 834 labuntur,
608 794 654 827 ut
674 800 756 826 non
780 801 829 826 ex
851 794 1042 842 tempore
1065 800 1216 843 corpus
1237 786 1405 827 Domini
1429 801 1518 827 esse
1538 800 1710 842 suscep—

367 867 473 907 tum,
508 858 582 900 sed
613 865 869 899 coaeternum
905 856 983 898 Dei
1015 856 1154 899 Verbo
1188 872 1351 914 semper
1383 856 1509 899 fuisse
1541 865 1710 899 conten-

369 930 481 971 dant.

422 999 486 1041 LI.
525 998 685 1040 Horum
712 997 901 1039 omnium
925 1004 1115 1038 auctores
1139 1005 1257 1045 sunt,
1284 996 1354 1052 qui
1376 996 1645 1039 Divinitatem
1670 1006 1712 1038 et

367 1083 536 1112 carnem
558 1067 728 1110 Domini
752 1067 874 1108 unius
898 1074 1058 1107 naturae
1080 1066 1206 1108 fuisse
1232 1066 1438 1109 dixerunt.
1471 1068 1570 1125 Legi
1599 1069 1711 1110 enim

367 1140 481 1197 quod
508 1153 592 1180 non
615 1138 848 1185 crederem,
873 1136 950 1177 nisi
973 1136 1060 1193 ipse
1083 1136 1274 1193 legissem
1295 1150 1304 1178 :
1327 1137 1426 1193 legi,
1454 1138 1640 1193 inquam,
1671 1139 1711 1179 in

368 1208 589 1265 cujusdam
605 1206 722 1249 libris
744 1206 802 1248 sic
825 1206 1032 1263 positum,
1056 1214 1098 1248 et
1127 1220 1356 1263 organum,
1393 1215 1434 1248 et
1463 1220 1561 1248 eum
1583 1222 1602 1247 a
1628 1222 1712 1263 quo

367 1280 617 1321 movebatur
633 1291 853 1334 organum,
869 1276 990 1317 unius
1009 1275 1049 1316 in
1067 1276 1235 1317 Christo
1251 1275 1378 1318 fuisse
1390 1284 1564 1318 naturae.
1587 1276 1713 1328 Quod

367 1350 460 1392 ideo
482 1348 617 1406 posui,
644 1355 691 1389 ut
713 1363 762 1389 ex
784 1346 946 1403 scriptis
970 1361 1126 1387 nomen
1150 1346 1489 1402 deprehendatur
1506 1347 1721 1395 auctori53-

368 1428 409 1463 et
430 1419 662 1465 advertant,
688 1417 875 1474 quamvis
900 1415 1233 1474 exquisitissimis
1256 1416 1525 1473 argumentis,
1552 1425 1594 1458 et
1613 1416 1712 1473 pha-

367 1490 506 1533 leratis
524 1489 790 1531 sermonibus
808 1503 892 1529 non
910 1502 1031 1544 posse
1046 1487 1130 1528 vim
1148 1486 1330 1528 veritatis
1348 1487 1516 1529 obduci.

425 1559 512 1603 LII.
551 1560 602 1601 Et
623 1559 692 1601 hic
714 1558 818 1600 mihi
848 1558 1089 1614 frequenter
1121 1557 1276 1600 Nicaeni
1300 1558 1467 1599 concilii
1490 1565 1711 1600 tractatum

369 1646 412 1673 se
440 1638 584 1672 tenere
616 1637 932 1671 commemorat.
961 1628 1046 1670 Sed
1069 1627 1110 1668 in
1132 1628 1201 1669 illo
1221 1635 1401 1669 tractatu
1422 1636 1559 1684 patres
1582 1628 1712 1669 nostri

369 1717 453 1744 non
476 1715 663 1748 carnem,
685 1701 757 1742 sed
776 1700 852 1742 Dei
870 1698 1054 1741 Verbum
1077 1698 1201 1739 unius
1219 1699 1460 1740 substantiae
1480 1713 1576 1740 cum
1593 1699 1713 1741 Patre

371 1787 460 1814 esse
487 1772 700 1818 dixerunt;
725 1779 767 1811 et
791 1769 972 1812 Verbum
997 1767 1167 1824 quidem
1191 1783 1240 1809 ex
1265 1777 1436 1825 paterna
1462 1769 1713 1826 processisse

370 1842 624 1890 substantia,
655 1855 825 1883 carnem
855 1849 993 1881 autem
1015 1854 1065 1880 ex
1087 1839 1255 1896 Virgine
1281 1854 1370 1882 esse
1394 1839 1571 1882 confessi
1599 1849 1707 1882 sunt.

370 1914 593 1964 Quomodo
624 1911 750 1969 igitur
782 1910 939 1952 Nicaeni
977 1910 1144 1951 concilii
1184 1925 1336 1951 nomen
1369 1910 1638 1958 obtenditur,
1672 1919 1713 1952 et

370 1999 475 2026 nova
505 1984 786 2031 inducuntur,
811 1997 901 2037 quae
923 1996 1138 2036 nunquam
1162 1982 1293 2022 nostri
1321 1997 1487 2023 sensere
1509 1981 1709 2037 majores;

368 2070 465 2096 cum
499 2053 642 2110 utique
676 2052 903 2109 Scripturae
940 2051 1081 2093 dicant
1118 2051 1213 2107 quia
1254 2051 1444 2093 Christus
1477 2052 1712 2092 secundum

369 2138 537 2166 carnem
553 2138 695 2180 passus
713 2121 816 2170 est¹,
832 2137 915 2163 non
934 2122 1165 2162 secundum
1183 2122 1450 2164 Divinitatem
1466 2121 1712 2180 :Scripturae

371 2194 512 2237 dicant
542 2193 640 2250 quia
666 2191 791 2249 Virgo
821 2192 861 2233 in
895 2200 1015 2233 utero
1047 2192 1240 2249 accipiet,
1271 2201 1312 2234 et
1338 2193 1470 2249 pariet
1501 2192 1712 2234 Filium²i³

370 2263 544 2320 Accepit
561 2262 674 2305 enim
695 2262 905 2309 virtutem,
929 2270 970 2303 et
990 2262 1152 2318 peperit
1168 2262 1338 2311 Filium,
1358 2277 1482 2318 quem
1498 2277 1548 2304 ex
1565 2277 1608 2303 se
1626 2263 1712 2318 ipsa

368 2333 565 2390 suscepit.
1766 2326 1768 2336 ⁴

428 2405 529 2447 LlII.
565 2403 756 2460 Denique
778 2402 859 2444 hoc
881 2401 1006 2443 etiam
1033 2402 1202 2444 Gabriel
1224 2403 1392 2460 proprio
1420 2418 1613 2445 sermone
1637 2404 1712 2445 de·
1766 2396 1768 2403 ¹

371 2475 500 2516 clarat
529 2474 671 2516 dicens
692 2488 700 2514 ε
718 2473 800 2514 «Et
824 2473 937 2528 quod
961 2482 1157 2514 nascetur
1182 2489 1231 2514 cx
1252 2482 1290 2515 te
1314 2482 1521 2522 sunctum,
1541 2474 1712 2515 vocabi-

369 2552 468 2585 »tur
496 2542 572 2586 Dei
597 2541 766 2585 Filius³.
798 2542 858 2583 Ex
887 2547 942 2591 tc,
964 2561 979 2581 »
995 2542 1145 2600 inquit,
1169 2552 1215 2584 ut
1243 2544 1473 2585 secundum
1497 2543 1710 2585 hominem

416 2635 658 2675 12Petr.1,2.
674 2653 710 2660 —-
730 2644 743 2658 2
766 2635 838 2667 lsai.
858 2646 914 2671 ηε,
938 2636 984 2674 14.
1002 2652 1037 2658 -
1060 2637 1071 2658 3
1092 2636 1164 2667 Lao.
1193 2647 1211 2670 ι,
1232 2636 1283 2667 35.
