1768 3283
351 313 428 342 202
902 315 932 341 S.
975 314 1165 342 Atissnoslt

347 394 445 434 deos
463 391 683 440 inducitis3
709 391 804 448 quia
828 392 898 448 qui
922 393 1042 433 nnius
1065 392 1307 433 substantiae
1336 401 1454 441 sunt,
1482 407 1694 438 nouimus

346 465 483 511 Deus,
510 462 581 505 sed
606 463 688 504 duo
708 461 762 502 dii
788 462 980 503 videntur
1003 478 1110 510 0550,
1139 462 1247 504 sicut
1270 463 1352 504 duo
1383 462 1572 505 homines
1592 497 1600 512 ‚
1625 474 1696 507 aut

345 535 436 576 duae
465 549 582 581 oves,
608 530 802 590 pluresve
829 533 1057 575 dicuntur:
1094 532 1220 575 homo
1253 541 1390 574 autem
1428 543 1468 575 ct
1501 535 1588 576 ovis
1616 551 1694 579 nec
1746 524 1754 563 ἶ

344 606 427 647 duo
459 603 648 646 homines
674 603 900 652 dicuntur,
932 618 1011 645 nec
1046 603 1138 645 duze
1172 618 1294 651 oves3
1316 603 1390 645 sed
1413 619 1518 646 unus
1540 604 1690 654 homo,

347 683 387 716 et
410 689 492 715 una
510 673 609 715 ovis.

345 766 348 782 ς
402 742 513 786 XLI.
552 742 650 785 Haec
673 741 836 784 Arriani
860 741 1025 791 dicunt,
1056 750 1097 784 et
1116 742 1194 784 hac
1218 741 1498 800 disputatione
1529 754 1695 788 versuta

343 812 618 871 simpliciores
635 828 785 869 capere
807 812 1012 855 nituntur.
1035 813 1193 855 Tamen
1209 814 1240 854 si
1255 815 1442 869 legamus
1457 814 1694 872 Scripturas

344 884 501 924 divinas
518 917 526 930 ‚
546 883 804 925 inveniemus
822 884 1103 940 pluralitatem
1127 884 1256 940 magis
1282 885 1323 925 in
1345 899 1390 925 ea
1410 886 1582 933 cadere,
1603 902 1695 943 quae
1750 923 1757 936 „

346 952 516 994 diversae
552 952 827 1009 (liseretaequc
860 953 1102 995 substantia}
1134 962 1255 1002 sunt,
1291 954 1371 996 hoc
1390 963 1473 1004 est,
1519 961 1696 1010 ἑτερουσία
1750 970 1755 995 ;

344 1023 478 1078 quue
501 1021 542 1063 in
568 1021 804 1066 Salomonis
833 1023 949 1064 libris
990 1024 1194 1065 habemus
1224 1040 1488 1081 expressum,
1521 1042 1570 1067 eo
1601 1028 1695 1068 loco
1750 1049 1756 1088 3

342 1091 503 1133 scilicet
529 1091 570 1133 in
593 1107 676 1148 quo
701 1092 832 1133 dicit:
859 1111 873 1131 α
891 1092 987 1135 Tria
1025 1102 1120 1135 sunt
1156 1102 1294 1135 autem
1329 1095 1600 1152 impossibilia
1631 1095 1697 1137 in-
1751 1090 1755 1099 ’

343 1180 357 1199 n
376 1162 574 1218 telligere,
595 1170 636 1203 et
654 1171 849 1218 quartum
869 1163 981 1219 quod
1000 1178 1083 1204 non
1103 1178 1335 1220 cognosco3
1359 1165 1525 1221 vestigia
1550 1165 1696 1221 aquila}
1751 1187 1755 1223 ε,

344 1249 358 1269 »
375 1231 570 1283 volantis,
594 1239 635 1273 ct
653 1231 734 1273 vias
757 1233 960 1289 serpentis
985 1249 1109 1290 super
1132 1222 1291 1290 petram
1306 1267 1315 1282 ,
1336 1243 1376 1275 et
1393 1235 1560 1276 semitas
1582 1235 1696 1276 navis

345 1303 604 1360 »navigantis
620 1335 630 1352 ‚
660 1311 700 1345 01
723 1304 807 1345 vias
826 1304 901 1345 viri
930 1304 969 1345 in
997 1304 1258 1360 juventute¹.
1286 1323 1300 1343 »
1326 1305 1475 1361 [tique
1498 1306 1632 1361 aquila
1655 1314 1697 1347 01

345 1374 458 1415 navis
481 1383 522 1416 et
543 1389 713 1431 serpens
738 1374 861 1416 u'nius
886 1390 968 1416 non
990 1383 1085 1416 sunt
1101 1375 1264 1432 generis
1284 1384 1405 1431 atque
1428 1384 1603 1425 naturae‚
1624 1377 1698 1419 sed

344 1443 573 1486 differentis
608 1446 882 1502 discretaeque
913 1447 1181 1494 substantiae,
1212 1455 1252 1488 et
1286 1455 1423 1488 tamen
1466 1446 1542 1487 tria
1581 1455 1690 1489 sunt.

342 1515 496 1557 Contra
520 1531 562 1557 se
584 1515 709 1571 igitur
733 1531 804 1558 sua
823 1531 912 1559 esse
930 1517 1167 1574 intelligunt
1186 1525 1430 1573 argumenta
1450 1517 1696 1560 testimoniis

344 1585 672 1641 Scripturarnm.

399 1655 528 1697 XLII.
567 1657 711 1713 Itaque
742 1657 923 1698 dicendo
957 1657 1088 1699 Patris
1122 1667 1164 1700 et
1204 1658 1296 1700 Filii
1340 1658 1566 1699 discretam
1608 1673 1697 1700 esse

343 1726 619 1767 substantiam
634 1759 645 1775 ,
680 1726 1031 1784 differentemque
1052 1728 1260 1770 Deitatem
1278 1761 1287 1775 ,
1322 1729 1426 1769 duos
1453 1728 1598 1784 utique
1620 1727 1698 1784 ipsi

345 1797 443 1837 deos
473 1805 663 1838 asserunt
683 1812 692 1838 :
720 1813 795 1839 nos
818 1806 957 1839 autem
978 1813 1073 1840 cum
1094 1807 1136 1840 et
1162 1800 1326 1840 Patrem
1354 1797 1634 1845 confitemur,
1657 1805 1699 1839 et
1755 1834 1758 1842 ‚

343 1867 523 1914 Filiunu
559 1869 781 1909 asserendo
819 1877 956 1909 tamen
990 1868 1113 1910 unius
1149 1885 1238 1911 esse
1261 1868 1434 1910 Deitatis
1469 1883 1554 1909 non
1594 1869 1698 1908 duos
1754 1879 1759 1914 ξ

343 1937 440 1978 (1005
457 1969 467 1985 ,
489 1939 710 1979 sedunum
732 1938 868 1979 Deum
890 1939 1080 1981 dicimus.
1104 1939 1156 1981 Et
1172 1940 1252 1981 hoc
1273 1938 1506 1981 Dominicis
1523 1937 1698 1994 eloquiis

341 2009 650 2064 approbamus3
682 2008 777 2065 quia
803 2008 874 2050 ubi
910 2011 1050 2065 plures
1083 2018 1202 2057 sunt,
1241 2010 1296 2050 ibi
1328 2018 1398 2051 aut
1432 2017 1590 2050 naturae
1628 2015 1699 2049 aut
1755 2000 1759 2016 ³

341 2080 602 2121 voluntatum
635 2088 676 2121 et
709 2081 1001 2137 operationum
1030 2090 1092 2122 est
1125 2081 1377 2123 differentia.
1424 2080 1618 2136 Denique
1654 2087 1699 2120 ut
1755 2104 1760 2144 ':

340 2150 423 2190 suis
441 2149 520 2191 sibi
545 2149 791 2191 testimoniis
815 2151 1102 2198 revincantur,
1136 2153 1219 2192 duo
1244 2152 1437 2193 homines
1472 2150 1694 2197 dicuntum

343 2219 440 2275 quia
462 2219 560 2261 licet
577 2220 699 2261 unius
724 2228 883 2261 naturae
907 2221 989 2261 sint
1005 2221 1097 2276 jure
1120 2222 1346 2269 nascendi,
1372 2229 1512 2262 tamen
1530 2227 1572 2260 et
1595 2227 1699 2260 tem-

342 2305 444 2346 pore
467 2297 508 2331 et
534 2290 788 2346 cogitatione
810 2299 851 2331 et
877 2305 1003 2346 opere
1025 2299 1066 2331 et
1097 2291 1190 2338 1000
1216 2290 1398 2332 distant:
1425 2297 1466 2331 et
1490 2289 1584 2330 ideo
1613 2303 1698 2329 non
1756 2282 1760 2328 Ῐ

344 2368 479 2416 potest
497 2375 604 2401 unus
623 2360 750 2401 homo
768 2360 848 2401 dici
867 2360 907 2400 in
926 2354 1230 2416 significatione
1243 2368 1283 2401 et
1303 2374 1479 2400 numero
1498 2359 1695 2406 duorum3

343 2430 437 2485 quia
471 2430 607 2470 unitas
640 2434 721 2470 non
756 2438 837 2476 est,
859 2430 1009 2472 [11)1051
1031 2430 1271 2471 diversitas:
1296 2444 1402 2470 unus
1427 2437 1565 2469 autem
1588 2428 1697 2468 Deus

343 2501 512 2548 dicitur,
534 2501 724 2542 etPatris
744 2509 785 2542 et
809 2500 902 2543 Filii
934 2515 980 2542 ac
998 2501 1177 2559 Spiritus
1200 2500 1330 2543 sancti
1354 2500 1482 2556 gloria
1506 2507 1547 2541 et
1569 2498 1698 2555 pleni·
1757 2493 1760 2559 ξ

345 2571 445 2613 tudo
469 2570 669 2627 signatur.

386 2673 393 2688 ¹
416 2664 598 2701 P1·ov,xxx,
618 2664 654 2695 18
678 2669 707 2696 et
729 2675 774 2707 ¹9·
