<?xml version="1.0" encoding="UTF-8"?>
<!DOCTYPE html PUBLIC "-//W3C//DTD XHTML 1.0 Transitional//EN"
    "http://www.w3.org/TR/xhtml1/DTD/xhtml1-transitional.dtd">
<html xmlns="http://www.w3.org/1999/xhtml" xml:lang="en" lang="en">
 <head>
  <title>
</title>
<meta http-equiv="Content-Type" content="text/html;charset=utf-8" />
  <meta name='ocr-system' content='tesseract 3.04.00' />
  <meta name='ocr-capabilities' content='ocr_page ocr_carea ocr_par ocr_line ocrx_word'/>
</head>
<body>
  <div class='ocr_page' id='page_1' title='image "./omniaequaeextant06ambruoft_0167.png"; bbox 0 0 1806 3256; ppageno 0'>
   <div class='ocr_carea' id='block_1_1' title="bbox 541 259 1413 302">
    <p class='ocr_par' dir='ltr' id='par_1_1' title="bbox 541 259 1413 302">
     <span class='ocr_line' id='line_1_1' title="bbox 541 259 1413 302; baseline 0.003 -5"><span class='ocrx_word' id='word_1_1' title='bbox 541 269 592 297; x_wconf 77' lang='lat' dir='ltr'>DE</span> <span class='ocrx_word' id='word_1_2' title='bbox 625 270 736 302; x_wconf 70' lang='grc' dir='ltr'><strong>ΗΒΕ,</strong></span> <span class='ocrx_word' id='word_1_3' title='bbox 770 270 849 296; x_wconf 76' lang='lat' dir='ltr'>Lm.</span> <span class='ocrx_word' id='word_1_4' title='bbox 888 270 940 297; x_wconf 78' lang='lat' dir='ltr'>iv.</span> <span class='ocrx_word' id='word_1_5' title='bbox 1339 259 1413 300; x_wconf 83' lang='lat'>151</span> 
     </span>
    </p>
   </div>
   <div class='ocr_carea' id='block_1_2' title="bbox 67 346 1443 2356">
    <p class='ocr_par' dir='ltr' id='par_1_2' title="bbox 67 346 1421 1106">
     <span class='ocr_line' id='line_1_2' title="bbox 127 346 1418 403; baseline -0.002 -10"><span class='ocrx_word' id='word_1_6' title='bbox 127 349 275 393; x_wconf 86' lang='lat' dir='ltr'><strong>XLIV.</strong></span> <span class='ocrx_word' id='word_1_7' title='bbox 316 349 540 401; x_wconf 79' lang='lat' dir='ltr'>Quomodo</span> <span class='ocrx_word' id='word_1_8' title='bbox 577 362 675 403; x_wconf 79' lang='lat' dir='ltr'>ergo</span> <span class='ocrx_word' id='word_1_9' title='bbox 702 346 829 387; x_wconf 75' lang='lat' dir='ltr'>virtus</span> <span class='ocrx_word' id='word_1_10' title='bbox 867 347 983 403; x_wconf 82' lang='lat' dir='ltr'>quasi</span> <span class='ocrx_word' id='word_1_11' title='bbox 1018 362 1114 388; x_wconf 88' lang='lat' dir='ltr'>cum</span> <span class='ocrx_word' id='word_1_12' title='bbox 1146 348 1418 403; x_wconf 81' lang='lat' dir='ltr'>jurisjurandi</span> 
     </span>
     <span class='ocr_line' id='line_1_3' title="bbox 72 417 1415 473; baseline -0.003 -11"><span class='ocrx_word' id='word_1_13' title='bbox 72 420 334 463; x_wconf 84' lang='lat' dir='ltr'>attestatione</span> <span class='ocrx_word' id='word_1_14' title='bbox 353 419 453 460; x_wconf 86' lang='lat' dir='ltr'>dicit</span> <span class='ocrx_word' id='word_1_15' title='bbox 473 433 481 458; x_wconf 73' lang='grc' dir='ltr'><strong><em>ε</em></strong></span> <span class='ocrx_word' id='word_1_16' title='bbox 501 436 513 456; x_wconf 69' lang='grc' dir='ltr'>α</span> <span class='ocrx_word' id='word_1_17' title='bbox 532 419 666 458; x_wconf 87' lang='lat' dir='ltr'>Amen</span> <span class='ocrx_word' id='word_1_18' title='bbox 683 450 692 465; x_wconf 87' lang='lat'><strong>,</strong></span> <span class='ocrx_word' id='word_1_19' title='bbox 717 432 838 458; x_wconf 75' lang='lat' dir='ltr'>amon</span> <span class='ocrx_word' id='word_1_20' title='bbox 858 419 951 457; x_wconf 83' lang='lat' dir='ltr'>dieo</span> <span class='ocrx_word' id='word_1_21' title='bbox 973 417 1133 466; x_wconf 62' lang='lat' dir='ltr'>vobis-¹,</span> <span class='ocrx_word' id='word_1_22' title='bbox 1155 436 1170 456; x_wconf 84' lang='lat'>»</span> <span class='ocrx_word' id='word_1_23' title='bbox 1193 419 1307 473; x_wconf 81' lang='lat' dir='ltr'>quod</span> <span class='ocrx_word' id='word_1_24' title='bbox 1329 426 1415 460; x_wconf 82' lang='lat' dir='ltr'>est:</span> 
     </span>
     <span class='ocr_line' id='line_1_4' title="bbox 69 486 1419 545; baseline -0.002 -14"><span class='ocrx_word' id='word_1_25' title='bbox 69 488 269 532; x_wconf 78' lang='lat' dir='ltr'>Fideliter</span> <span class='ocrx_word' id='word_1_26' title='bbox 295 488 383 545; x_wconf 84' lang='lat'>(19)</span> <span class='ocrx_word' id='word_1_27' title='bbox 401 520 412 533; x_wconf 85' lang='grc'><strong>.</strong></span> <span class='ocrx_word' id='word_1_28' title='bbox 437 486 616 528; x_wconf 82' lang='lat' dir='ltr'>fideliter</span> <span class='ocrx_word' id='word_1_29' title='bbox 645 486 775 528; x_wconf 74' lang='lat' dir='ltr'>dico?</span> <span class='ocrx_word' id='word_1_30' title='bbox 803 487 1003 528; x_wconf 60' lang='lat' dir='ltr'>Fuit-liter</span> <span class='ocrx_word' id='word_1_31' title='bbox 1034 502 1132 542; x_wconf 75' lang='lat' dir='ltr'>ergo</span> <span class='ocrx_word' id='word_1_32' title='bbox 1171 487 1296 534; x_wconf 88' lang='lat' dir='ltr'>dicis,</span> <span class='ocrx_word' id='word_1_33' title='bbox 1338 487 1419 535; x_wconf 88' lang='lat' dir='ltr'>Do-</span> 
     </span>
     <span class='ocr_line' id='line_1_5' title="bbox 69 556 1420 614; baseline -0.001 -14"><span class='ocrx_word' id='word_1_34' title='bbox 69 558 181 601; x_wconf 84' lang='lat' dir='ltr'><strong>mine</strong></span> <span class='ocrx_word' id='word_1_35' title='bbox 197 558 320 606; x_wconf 87' lang='lat' dir='ltr'>Jesu,</span> <span class='ocrx_word' id='word_1_36' title='bbox 339 566 380 599; x_wconf 85' lang='lat' dir='ltr'>et</span> <span class='ocrx_word' id='word_1_37' title='bbox 402 573 498 600; x_wconf 84' lang='lat' dir='ltr'>cum</span> <span class='ocrx_word' id='word_1_38' title='bbox 521 557 771 599; x_wconf 78' lang='lat' dir='ltr'><strong>sacramenti</strong></span> <span class='ocrx_word' id='word_1_39' title='bbox 797 558 975 613; x_wconf 86' lang='lat' dir='ltr'>quadam</span> <span class='ocrx_word' id='word_1_40' title='bbox 999 557 1248 614; x_wconf 71' lang='lat' dir='ltr'>repetitione</span> <span class='ocrx_word' id='word_1_41' title='bbox 1267 556 1420 599; x_wconf 82' lang='lat' dir='ltr'>confir-</span> 
     </span>
     <span class='ocr_line' id='line_1_6' title="bbox 69 627 1421 685; baseline -0.001 -14"><span class='ocrx_word' id='word_1_42' title='bbox 69 643 159 671; x_wconf 81' lang='lat' dir='ltr'>mas</span> <span class='ocrx_word' id='word_1_43' title='bbox 189 630 302 685; x_wconf 88' lang='lat' dir='ltr'>quod</span> <span class='ocrx_word' id='word_1_44' title='bbox 338 629 441 670; x_wconf 87' lang='lat' dir='ltr'>nihil</span> <span class='ocrx_word' id='word_1_45' title='bbox 475 627 612 669; x_wconf 79' lang='lat' dir='ltr'>facere</span> <span class='ocrx_word' id='word_1_46' title='bbox 641 638 784 684; x_wconf 86' lang='lat' dir='ltr'>potes,</span> <span class='ocrx_word' id='word_1_47' title='bbox 817 628 892 668; x_wconf 81' lang='lat' dir='ltr'>nisi</span> <span class='ocrx_word' id='word_1_48' title='bbox 926 628 1037 683; x_wconf 83' lang='lat' dir='ltr'>quod</span> <span class='ocrx_word' id='word_1_49' title='bbox 1078 628 1300 670; x_wconf 72' lang='lat' dir='ltr'>facientem</span> <span class='ocrx_word' id='word_1_50' title='bbox 1345 628 1421 677; x_wconf 81' lang='lat' dir='ltr'>Pa-</span> 
     </span>
     <span class='ocr_line' id='line_1_7' title="bbox 70 698 1419 754; baseline -0.001 -13"><span class='ocrx_word' id='word_1_51' title='bbox 70 707 176 741; x_wconf 81' lang='lat' dir='ltr'>trem</span> <span class='ocrx_word' id='word_1_52' title='bbox 196 700 358 741; x_wconf 74' lang='lat' dir='ltr'>videris.</span> <span class='ocrx_word' id='word_1_53' title='bbox 381 698 534 741; x_wconf 79' lang='lat' dir='ltr'>Fecisti</span> <span class='ocrx_word' id='word_1_54' title='bbox 554 700 774 746; x_wconf 84' lang='lat' dir='ltr'>mundum,</span> <span class='ocrx_word' id='word_1_55' title='bbox 796 699 998 754; x_wconf 82' lang='lat' dir='ltr'>numquid</span> <span class='ocrx_word' id='word_1_56' title='bbox 1019 700 1192 739; x_wconf 74' lang='lat' dir='ltr'>alterum</span> <span class='ocrx_word' id='word_1_57' title='bbox 1214 700 1419 741; x_wconf 85' lang='lat' dir='ltr'>mundum</span> 
     </span>
     <span class='ocr_line' id='line_1_8' title="bbox 67 769 1420 826; baseline -0.001 -15"><span class='ocrx_word' id='word_1_58' title='bbox 67 770 190 812; x_wconf 73' lang='lat' dir='ltr'>Pater</span> <span class='ocrx_word' id='word_1_59' title='bbox 208 778 302 812; x_wconf 82' lang='lat' dir='ltr'>tuus</span> <span class='ocrx_word' id='word_1_60' title='bbox 325 770 436 817; x_wconf 73' lang='lat' dir='ltr'>fecit,</span> <span class='ocrx_word' id='word_1_61' title='bbox 457 784 580 826; x_wconf 80' lang='lat' dir='ltr'>quem</span> <span class='ocrx_word' id='word_1_62' title='bbox 604 770 718 824; x_wconf 86' lang='lat' dir='ltr'>quasi</span> <span class='ocrx_word' id='word_1_63' title='bbox 740 771 795 810; x_wconf 82' lang='lat' dir='ltr'>ad</span> <span class='ocrx_word' id='word_1_64' title='bbox 821 771 1033 825; x_wconf 80' lang='lat' dir='ltr'>exemplar</span> <span class='ocrx_word' id='word_1_65' title='bbox 1052 770 1260 825; x_wconf 76' lang='lat' dir='ltr'>acceperis</span> <span class='ocrx_word' id='word_1_66' title='bbox 1276 769 1293 811; x_wconf 78' lang='grc' dir='ltr'>Ρ</span> <span class='ocrx_word' id='word_1_67' title='bbox 1309 770 1420 826; x_wconf 78' lang='lat' dir='ltr'>Ergo</span> 
     </span>
     <span class='ocr_line' id='line_1_9' title="bbox 70 840 1420 895; baseline 0.001 -13"><span class='ocrx_word' id='word_1_68' title='bbox 70 855 242 882; x_wconf 82' lang='lat' dir='ltr'>necesse</span> <span class='ocrx_word' id='word_1_69' title='bbox 263 850 324 882; x_wconf 89' lang='lat' dir='ltr'>est</span> <span class='ocrx_word' id='word_1_70' title='bbox 346 841 551 882; x_wconf 64' lang='lat' dir='ltr'>fateantur·</span> <span class='ocrx_word' id='word_1_71' title='bbox 569 840 682 895; x_wconf 82' lang='lat' dir='ltr'>impii</span> <span class='ocrx_word' id='word_1_72' title='bbox 704 848 772 882; x_wconf 87' lang='lat' dir='ltr'>aut</span> <span class='ocrx_word' id='word_1_73' title='bbox 790 841 892 881; x_wconf 80' lang='lat' dir='ltr'>duos</span> <span class='ocrx_word' id='word_1_74' title='bbox 908 874 917 888; x_wconf 92' lang='lat'><strong>,</strong></span> <span class='ocrx_word' id='word_1_75' title='bbox 938 850 1007 882; x_wconf 88' lang='lat' dir='ltr'>aut</span> <span class='ocrx_word' id='word_1_76' title='bbox 1025 849 1138 882; x_wconf 81' lang='lat' dir='ltr'>certe</span> <span class='ocrx_word' id='word_1_77' title='bbox 1157 842 1312 882; x_wconf 91' lang='lat' dir='ltr'>multos</span> <span class='ocrx_word' id='word_1_78' title='bbox 1330 854 1420 883; x_wconf 78' lang='lat' dir='ltr'>esse</span> 
     </span>
     <span class='ocr_line' id='line_1_10' title="bbox 70 909 1420 966; baseline 0.001 -15"><span class='ocrx_word' id='word_1_79' title='bbox 70 912 274 960; x_wconf 86' lang='lat' dir='ltr'>mundos,</span> <span class='ocrx_word' id='word_1_80' title='bbox 301 911 413 966; x_wconf 84' lang='lat' dir='ltr'>qnod</span> <span class='ocrx_word' id='word_1_81' title='bbox 437 909 675 966; x_wconf 75' lang='lat' dir='ltr'>philosophi</span> <span class='ocrx_word' id='word_1_82' title='bbox 705 919 925 958; x_wconf 74' lang='lat' dir='ltr'>asseruut3</span> <span class='ocrx_word' id='word_1_83' title='bbox 960 919 1004 952; x_wconf 86' lang='lat' dir='ltr'>ut</span> <span class='ocrx_word' id='word_1_84' title='bbox 1031 926 1074 952; x_wconf 84' lang='lat' dir='ltr'>se</span> <span class='ocrx_word' id='word_1_85' title='bbox 1106 910 1231 952; x_wconf 85' lang='lat' dir='ltr'>etiam</span> <span class='ocrx_word' id='word_1_86' title='bbox 1267 911 1308 952; x_wconf 90' lang='lat' dir='ltr'>in</span> <span class='ocrx_word' id='word_1_87' title='bbox 1337 910 1420 953; x_wconf 82' lang='lat' dir='ltr'>hoc</span> 
     </span>
     <span class='ocr_line' id='line_1_11' title="bbox 70 980 1420 1038; baseline 0.002 -17"><span class='ocrx_word' id='word_1_88' title='bbox 70 992 210 1022; x_wconf 80' lang='lat' dir='ltr'>errore</span> <span class='ocrx_word' id='word_1_89' title='bbox 242 980 482 1038; x_wconf 63' lang='lat' dir='ltr'>gentilitatis</span> <span class='ocrx_word' id='word_1_90' title='bbox 509 980 732 1021; x_wconf 80' lang='lat' dir='ltr'>involvant.</span> <span class='ocrx_word' id='word_1_91' title='bbox 769 981 852 1023; x_wconf 88' lang='lat' dir='ltr'>Aut</span> <span class='ocrx_word' id='word_1_92' title='bbox 881 981 913 1022; x_wconf 90' lang='lat' dir='ltr'>si</span> <span class='ocrx_word' id='word_1_93' title='bbox 943 982 1071 1023; x_wconf 86' lang='lat' dir='ltr'>velint</span> <span class='ocrx_word' id='word_1_94' title='bbox 1102 997 1248 1023; x_wconf 87' lang='lat' dir='ltr'>verum</span> <span class='ocrx_word' id='word_1_95' title='bbox 1274 982 1420 1038; x_wconf 82' lang='lat' dir='ltr'>sequi,</span> 
     </span>
     <span class='ocr_line' id='line_1_12' title="bbox 73 1041 1151 1106; baseline 0 -14"><span class='ocrx_word' id='word_1_96' title='bbox 73 1041 212 1092; x_wconf 73' lang='lat' dir='ltr'>dicant</span> <span class='ocrx_word' id='word_1_97' title='bbox 237 1051 325 1094; x_wconf 76' lang='lat' dir='ltr'>sine</span> <span class='ocrx_word' id='word_1_98' title='bbox 343 1050 569 1106; x_wconf 77' lang='lat' dir='ltr'>exemplari</span> <span class='ocrx_word' id='word_1_99' title='bbox 595 1059 634 1091; x_wconf 88' lang='lat' dir='ltr'>te</span> <span class='ocrx_word' id='word_1_100' title='bbox 657 1049 825 1098; x_wconf 80' lang='lat' dir='ltr'>secisse,</span> <span class='ocrx_word' id='word_1_101' title='bbox 849 1052 963 1106; x_wconf 85' lang='lat' dir='ltr'>quod</span> <span class='ocrx_word' id='word_1_102' title='bbox 989 1051 1151 1092; x_wconf 80' lang='lat' dir='ltr'>seceris.</span> 
     </span>
    </p>

    <p class='ocr_par' dir='ltr' id='par_1_3' title="bbox 72 1116 1433 1876">
     <span class='ocr_line' id='line_1_13' title="bbox 130 1116 1420 1176; baseline 0.002 -14"><span class='ocrx_word' id='word_1_103' title='bbox 130 1116 255 1162; x_wconf 86' lang='lat' dir='ltr'>XLV.</span> <span class='ocrx_word' id='word_1_104' title='bbox 292 1120 368 1162; x_wconf 87' lang='lat' dir='ltr'>Dic</span> <span class='ocrx_word' id='word_1_105' title='bbox 412 1120 537 1166; x_wconf 83' lang='lat' dir='ltr'>mihi,</span> <span class='ocrx_word' id='word_1_106' title='bbox 566 1119 769 1167; x_wconf 81' lang='lat' dir='ltr'>Domine,</span> <span class='ocrx_word' id='word_1_107' title='bbox 795 1122 962 1176; x_wconf 84' lang='lat' dir='ltr'>quando</span> <span class='ocrx_word' id='word_1_108' title='bbox 988 1121 1026 1161; x_wconf 93' lang='lat' dir='ltr'>in</span> <span class='ocrx_word' id='word_1_109' title='bbox 1047 1121 1148 1162; x_wconf 83' lang='lat' dir='ltr'>mari</span> <span class='ocrx_word' id='word_1_110' title='bbox 1170 1121 1334 1163; x_wconf 77' lang='lat' dir='ltr'>Patrem</span> <span class='ocrx_word' id='word_1_111' title='bbox 1354 1122 1420 1164; x_wconf 68' lang='lat' dir='ltr'>in-</span> 
     </span>
     <span class='ocr_line' id='line_1_14' title="bbox 73 1189 1420 1247; baseline 0.004 -17"><span class='ocrx_word' id='word_1_112' title='bbox 73 1197 288 1230; x_wconf 76' lang='lat' dir='ltr'>carnatum</span> <span class='ocrx_word' id='word_1_113' title='bbox 312 1190 462 1230; x_wconf 84' lang='lat' dir='ltr'>videris</span> <span class='ocrx_word' id='word_1_114' title='bbox 481 1189 766 1230; x_wconf 77' lang='lat' dir='ltr'>ambulantem</span> <span class='ocrx_word' id='word_1_115' title='bbox 780 1189 811 1231; x_wconf 85' lang='lat'>².</span> <span class='ocrx_word' id='word_1_116' title='bbox 833 1190 919 1245; x_wconf 82' lang='lat' dir='ltr'>Ego</span> <span class='ocrx_word' id='word_1_117' title='bbox 936 1191 1046 1232; x_wconf 87' lang='lat' dir='ltr'>enim</span> <span class='ocrx_word' id='word_1_118' title='bbox 1068 1191 1225 1239; x_wconf 71' lang='lat' dir='ltr'>nescio,</span> <span class='ocrx_word' id='word_1_119' title='bbox 1245 1207 1320 1247; x_wconf 80' lang='lat' dir='ltr'>ego</span> <span class='ocrx_word' id='word_1_120' title='bbox 1337 1192 1420 1235; x_wconf 88' lang='lat' dir='ltr'>hoc</span> 
     </span>
     <span class='ocr_line' id='line_1_15' title="bbox 72 1258 1422 1316; baseline 0.004 -18"><span class='ocrx_word' id='word_1_121' title='bbox 72 1258 123 1298; x_wconf 83' lang='lat' dir='ltr'>de</span> <span class='ocrx_word' id='word_1_122' title='bbox 145 1258 265 1300; x_wconf 76' lang='lat' dir='ltr'>Patre</span> <span class='ocrx_word' id='word_1_123' title='bbox 292 1258 465 1299; x_wconf 79' lang='lat' dir='ltr'>credere</span> <span class='ocrx_word' id='word_1_124' title='bbox 492 1258 740 1314; x_wconf 76' lang='lat' dir='ltr'>sacrilegum</span> <span class='ocrx_word' id='word_1_125' title='bbox 773 1267 902 1316; x_wconf 88' lang='lat' dir='ltr'>puto,</span> <span class='ocrx_word' id='word_1_126' title='bbox 936 1261 1006 1314; x_wconf 83' lang='lat' dir='ltr'>qui</span> <span class='ocrx_word' id='word_1_127' title='bbox 1032 1268 1070 1301; x_wconf 82' lang='lat' dir='ltr'>te</span> <span class='ocrx_word' id='word_1_128' title='bbox 1093 1262 1227 1302; x_wconf 88' lang='lat' dir='ltr'>solum</span> <span class='ocrx_word' id='word_1_129' title='bbox 1251 1276 1422 1303; x_wconf 83' lang='lat' dir='ltr'>caruem</span> 
     </span>
     <span class='ocr_line' id='line_1_16' title="bbox 74 1328 1423 1387; baseline 0.004 -19"><span class='ocrx_word' id='word_1_130' title='bbox 74 1328 343 1385; x_wconf 81' lang='lat' dir='ltr'>assumpsisse-</span> <span class='ocrx_word' id='word_1_131' title='bbox 374 1329 563 1385; x_wconf 77' lang='lat' dir='ltr'>cognovi.</span> <span class='ocrx_word' id='word_1_132' title='bbox 601 1328 782 1379; x_wconf 80' lang='lat' dir='ltr'>Quando</span> <span class='ocrx_word' id='word_1_133' title='bbox 817 1329 969 1370; x_wconf 79' lang='lat' dir='ltr'>videris</span> <span class='ocrx_word' id='word_1_134' title='bbox 1001 1329 1040 1370; x_wconf 88' lang='lat' dir='ltr'>in</span> <span class='ocrx_word' id='word_1_135' title='bbox 1071 1330 1227 1387; x_wconf 86' lang='lat' dir='ltr'>nuptiis</span> <span class='ocrx_word' id='word_1_136' title='bbox 1257 1331 1423 1373; x_wconf 82' lang='lat' dir='ltr'>Patrem</span> 
     </span>
     <span class='ocr_line' id='line_1_17' title="bbox 75 1397 1423 1458; baseline 0.004 -20"><span class='ocrx_word' id='word_1_137' title='bbox 75 1413 221 1454; x_wconf 85' lang='lat' dir='ltr'>aquam</span> <span class='ocrx_word' id='word_1_138' title='bbox 255 1398 295 1440; x_wconf 91' lang='lat' dir='ltr'>in</span> <span class='ocrx_word' id='word_1_139' title='bbox 336 1399 428 1440; x_wconf 87' lang='lat' dir='ltr'>vina</span> <span class='ocrx_word' id='word_1_140' title='bbox 469 1407 701 1440; x_wconf 81' lang='lat' dir='ltr'>vertentem</span> <span class='ocrx_word' id='word_1_141' title='bbox 725 1397 755 1441; x_wconf 72' lang='lat'>³.</span> <span class='ocrx_word' id='word_1_142' title='bbox 795 1398 877 1440; x_wconf 66' lang='lat' dir='ltr'>Sed</span> <span class='ocrx_word' id='word_1_143' title='bbox 913 1401 1047 1441; x_wconf 87' lang='lat' dir='ltr'>solum</span> <span class='ocrx_word' id='word_1_144' title='bbox 1082 1408 1121 1441; x_wconf 91' lang='lat' dir='ltr'>te</span> <span class='ocrx_word' id='word_1_145' title='bbox 1155 1401 1423 1458; x_wconf 79' lang='lat' dir='ltr'>Unigenitum</span> 
     </span>
     <span class='ocr_line' id='line_1_18' title="bbox 72 1469 1425 1527; baseline 0.001 -15"><span class='ocrx_word' id='word_1_146' title='bbox 72 1469 224 1513; x_wconf 86' lang='lat' dir='ltr'>Filium</span> <span class='ocrx_word' id='word_1_147' title='bbox 250 1470 330 1526; x_wconf 70' lang='lat' dir='ltr'>legi</span> <span class='ocrx_word' id='word_1_148' title='bbox 362 1485 411 1510; x_wconf 90' lang='lat' dir='ltr'>ex</span> <span class='ocrx_word' id='word_1_149' title='bbox 437 1471 558 1511; x_wconf 84' lang='lat' dir='ltr'>Patre</span> <span class='ocrx_word' id='word_1_150' title='bbox 582 1478 749 1517; x_wconf 87' lang='lat' dir='ltr'>natum,</span> <span class='ocrx_word' id='word_1_151' title='bbox 777 1471 911 1510; x_wconf 81' lang='lat' dir='ltr'>solum</span> <span class='ocrx_word' id='word_1_152' title='bbox 941 1478 980 1512; x_wconf 86' lang='lat' dir='ltr'>te</span> <span class='ocrx_word' id='word_1_153' title='bbox 1011 1486 1059 1512; x_wconf 88' lang='lat' dir='ltr'>ex</span> <span class='ocrx_word' id='word_1_154' title='bbox 1094 1470 1251 1527; x_wconf 82' lang='lat' dir='ltr'>Spiritu</span> <span class='ocrx_word' id='word_1_155' title='bbox 1279 1481 1425 1515; x_wconf 77' lang='lat' dir='ltr'>sancto</span> 
     </span>
     <span class='ocr_line' id='line_1_19' title="bbox 76 1540 1428 1599; baseline 0.002 -18"><span class='ocrx_word' id='word_1_156' title='bbox 76 1540 219 1597; x_wconf 82' lang='lat' dir='ltr'>accepi</span> <span class='ocrx_word' id='word_1_157' title='bbox 240 1549 282 1581; x_wconf 83' lang='lat' dir='ltr'>et</span> <span class='ocrx_word' id='word_1_158' title='bbox 305 1540 471 1595; x_wconf 70' lang='lat' dir='ltr'>Virgine</span> <span class='ocrx_word' id='word_1_159' title='bbox 489 1541 724 1581; x_wconf 86' lang='lat' dir='ltr'>secundum</span> <span class='ocrx_word' id='word_1_160' title='bbox 749 1540 1050 1582; x_wconf 83' lang='lat' dir='ltr'>incarnationis</span> <span class='ocrx_word' id='word_1_161' title='bbox 1072 1551 1337 1584; x_wconf 83' lang='lat' dir='ltr'>sacramenta</span> <span class='ocrx_word' id='word_1_162' title='bbox 1359 1558 1428 1599; x_wconf 85' lang='lat' dir='ltr'>ge-</span> 
     </span>
     <span class='ocr_line' id='line_1_20' title="bbox 75 1608 1427 1668; baseline 0.002 -17"><span class='ocrx_word' id='word_1_163' title='bbox 75 1608 311 1651; x_wconf 82' lang='lat' dir='ltr'>neratnm³.</span> <span class='ocrx_word' id='word_1_164' title='bbox 339 1610 447 1666; x_wconf 80' lang='lat' dir='ltr'>Ergo</span> <span class='ocrx_word' id='word_1_165' title='bbox 475 1609 573 1660; x_wconf 79' lang='lat' dir='ltr'>ista,</span> <span class='ocrx_word' id='word_1_166' title='bbox 598 1624 690 1665; x_wconf 83' lang='lat' dir='ltr'>quae</span> <span class='ocrx_word' id='word_1_167' title='bbox 715 1610 1041 1651; x_wconf 76' lang='lat' dir='ltr'>memoravimus</span> <span class='ocrx_word' id='word_1_168' title='bbox 1066 1626 1085 1652; x_wconf 88' lang='lat' dir='ltr'>a</span> <span class='ocrx_word' id='word_1_169' title='bbox 1108 1619 1148 1651; x_wconf 88' lang='lat' dir='ltr'>te</span> <span class='ocrx_word' id='word_1_170' title='bbox 1171 1619 1309 1668; x_wconf 78' lang='lat' dir='ltr'>gesta,</span> <span class='ocrx_word' id='word_1_171' title='bbox 1341 1627 1427 1665; x_wconf 86' lang='lat' dir='ltr'>non</span> 
     </span>
     <span class='ocr_line' id='line_1_21' title="bbox 74 1678 1433 1738; baseline 0.002 -17"><span class='ocrx_word' id='word_1_172' title='bbox 74 1678 173 1721; x_wconf 83' lang='lat' dir='ltr'>fecit</span> <span class='ocrx_word' id='word_1_173' title='bbox 204 1680 353 1721; x_wconf 87' lang='lat' dir='ltr'>Pater:</span> <span class='ocrx_word' id='word_1_174' title='bbox 380 1679 452 1721; x_wconf 77' lang='lat' dir='ltr'>sed</span> <span class='ocrx_word' id='word_1_175' title='bbox 486 1680 574 1720; x_wconf 90' lang='lat' dir='ltr'>siue</span> <span class='ocrx_word' id='word_1_176' title='bbox 606 1679 837 1736; x_wconf 85' lang='lat' dir='ltr'>exemplari</span> <span class='ocrx_word' id='word_1_177' title='bbox 873 1680 1034 1736; x_wconf 82' lang='lat' dir='ltr'>paterni</span> <span class='ocrx_word' id='word_1_178' title='bbox 1071 1681 1209 1738; x_wconf 79' lang='lat' dir='ltr'>operis</span> <span class='ocrx_word' id='word_1_179' title='bbox 1244 1682 1294 1723; x_wconf 86' lang='lat' dir='ltr'>ad</span> <span class='ocrx_word' id='word_1_180' title='bbox 1323 1682 1433 1724; x_wconf 84' lang='lat' dir='ltr'>redi-</span> 
     </span>
     <span class='ocr_line' id='line_1_22' title="bbox 75 1750 1430 1806; baseline 0.002 -14"><span class='ocrx_word' id='word_1_181' title='bbox 75 1752 271 1792; x_wconf 86' lang='lat' dir='ltr'>mendam</span> <span class='ocrx_word' id='word_1_182' title='bbox 295 1759 368 1792; x_wconf 87' lang='lat' dir='ltr'>tuo</span> <span class='ocrx_word' id='word_1_183' title='bbox 393 1750 594 1806; x_wconf 85' lang='lat' dir='ltr'>sanguine</span> <span class='ocrx_word' id='word_1_184' title='bbox 619 1751 795 1791; x_wconf 88' lang='lat' dir='ltr'>salutem</span> <span class='ocrx_word' id='word_1_185' title='bbox 824 1751 973 1792; x_wconf 87' lang='lat' dir='ltr'>mundi</span> <span class='ocrx_word' id='word_1_186' title='bbox 995 1751 1107 1792; x_wconf 86' lang='lat' dir='ltr'>solus</span> <span class='ocrx_word' id='word_1_187' title='bbox 1135 1751 1430 1795; x_wconf 85' lang='lat' dir='ltr'>immaculatus</span> 
     </span>
     <span class='ocr_line' id='line_1_23' title="bbox 77 1819 703 1876; baseline 0 -15"><span class='ocrx_word' id='word_1_188' title='bbox 77 1835 127 1862; x_wconf 82' lang='lat' dir='ltr'>ex</span> <span class='ocrx_word' id='word_1_189' title='bbox 141 1822 231 1862; x_wconf 83' lang='lat' dir='ltr'>alvo</span> <span class='ocrx_word' id='word_1_190' title='bbox 253 1819 434 1876; x_wconf 74' lang='lat' dir='ltr'>Virginis</span> <span class='ocrx_word' id='word_1_191' title='bbox 452 1820 703 1876; x_wconf 78' lang='lat' dir='ltr'>processisti.</span> 
     </span>
    </p>

    <p class='ocr_par' dir='ltr' id='par_1_4' title="bbox 78 1889 1443 2356">
     <span class='ocr_line' id='line_1_24' title="bbox 133 1889 1432 1949; baseline 0.002 -16"><span class='ocrx_word' id='word_1_192' title='bbox 133 1890 279 1934; x_wconf 87' lang='lat' dir='ltr'>XLVI.</span> <span class='ocrx_word' id='word_1_193' title='bbox 316 1891 378 1932; x_wconf 88' lang='lat' dir='ltr'>Ac</span> <span class='ocrx_word' id='word_1_194' title='bbox 408 1905 460 1931; x_wconf 91' lang='lat' dir='ltr'>ne</span> <span class='ocrx_word' id='word_1_195' title='bbox 491 1889 599 1931; x_wconf 79' lang='lat' dir='ltr'>forte</span> <span class='ocrx_word' id='word_1_196' title='bbox 634 1890 932 1932; x_wconf 84' lang='lat' dir='ltr'>incarnationis</span> <span class='ocrx_word' id='word_1_197' title='bbox 967 1893 1261 1934; x_wconf 86' lang='lat' dir='ltr'>tantummodo</span> <span class='ocrx_word' id='word_1_198' title='bbox 1282 1900 1432 1949; x_wconf 85' lang='lat' dir='ltr'>putent</span> 
     </span>
     <span class='ocr_line' id='line_1_25' title="bbox 78 1960 1433 2017; baseline 0.002 -15"><span class='ocrx_word' id='word_1_199' title='bbox 78 1960 425 2017; x_wconf 80' lang='lat' dir='ltr'>sequestrandum</span> <span class='ocrx_word' id='word_1_200' title='bbox 450 1975 539 2001; x_wconf 86' lang='lat' dir='ltr'>esse</span> <span class='ocrx_word' id='word_1_201' title='bbox 561 1961 808 2017; x_wconf 85' lang='lat' dir='ltr'>mysterium</span> <span class='ocrx_word' id='word_1_202' title='bbox 837 1961 957 2014; x_wconf 77' lang='lat' dir='ltr'>(licet</span> <span class='ocrx_word' id='word_1_203' title='bbox 982 1976 1078 2003; x_wconf 90' lang='lat' dir='ltr'>cum</span> <span class='ocrx_word' id='word_1_204' title='bbox 1104 1961 1282 2004; x_wconf 73' lang='lat' dir='ltr'>dicuntz</span> <span class='ocrx_word' id='word_1_205' title='bbox 1307 1980 1323 2001; x_wconf 77' lang='grc' dir='ltr'>α</span> <span class='ocrx_word' id='word_1_206' title='bbox 1341 1963 1433 2006; x_wconf 90' lang='lat' dir='ltr'>Non</span> 
     </span>
     <span class='ocr_line' id='line_1_26' title="bbox 78 2030 1433 2089; baseline 0.003 -18"><span class='ocrx_word' id='word_1_207' title='bbox 78 2040 245 2088; x_wconf 83' lang='lat' dir='ltr'>»potest</span> <span class='ocrx_word' id='word_1_208' title='bbox 268 2030 398 2073; x_wconf 88' lang='lat' dir='ltr'>Filius</span> <span class='ocrx_word' id='word_1_209' title='bbox 425 2045 446 2070; x_wconf 84' lang='lat' dir='ltr'>a</span> <span class='ocrx_word' id='word_1_210' title='bbox 475 2045 519 2071; x_wconf 90' lang='lat' dir='ltr'>se</span> <span class='ocrx_word' id='word_1_211' title='bbox 547 2030 685 2071; x_wconf 81' lang='lat' dir='ltr'>sacer-e</span> <span class='ocrx_word' id='word_1_212' title='bbox 717 2031 989 2086; x_wconf 80' lang='lat' dir='ltr'>quidquam⁵,</span> <span class='ocrx_word' id='word_1_213' title='bbox 1019 2049 1034 2069; x_wconf 72' lang='grc' dir='ltr'><strong>υ</strong></span> <span class='ocrx_word' id='word_1_214' title='bbox 1069 2032 1174 2073; x_wconf 92' lang='lat' dir='ltr'>nihil</span> <span class='ocrx_word' id='word_1_215' title='bbox 1197 2031 1433 2089; x_wconf 86' lang='lat' dir='ltr'>excipiant,</span> 
     </span>
     <span class='ocr_line' id='line_1_27' title="bbox 78 2099 1438 2158; baseline 0 -16"><span class='ocrx_word' id='word_1_216' title='bbox 78 2100 134 2142; x_wconf 84' lang='lat' dir='ltr'>ita</span> <span class='ocrx_word' id='word_1_217' title='bbox 156 2108 203 2142; x_wconf 80' lang='lat' dir='ltr'>ut</span> <span class='ocrx_word' id='word_1_218' title='bbox 225 2107 266 2141; x_wconf 87' lang='lat' dir='ltr'>et</span> <span class='ocrx_word' id='word_1_219' title='bbox 287 2099 458 2155; x_wconf 88' lang='lat' dir='ltr'>quidam</span> <span class='ocrx_word' id='word_1_220' title='bbox 486 2099 637 2156; x_wconf 87' lang='lat' dir='ltr'>impius</span> <span class='ocrx_word' id='word_1_221' title='bbox 662 2099 811 2140; x_wconf 80' lang='lat' dir='ltr'>dixer-it</span> <span class='ocrx_word' id='word_1_222' title='bbox 833 2114 842 2140; x_wconf 90' lang='lat'>:</span> <span class='ocrx_word' id='word_1_223' title='bbox 869 2100 955 2141; x_wconf 72' lang='lat' dir='ltr'>lNec</span> <span class='ocrx_word' id='word_1_224' title='bbox 979 2100 1160 2141; x_wconf 84' lang='lat' dir='ltr'>culicem</span> <span class='ocrx_word' id='word_1_225' title='bbox 1193 2101 1331 2142; x_wconf 84' lang='lat' dir='ltr'>facere</span> <span class='ocrx_word' id='word_1_226' title='bbox 1358 2116 1438 2158; x_wconf 93' lang='lat' dir='ltr'>po-</span> 
     </span>
     <span class='ocr_line' id='line_1_28' title="bbox 80 2169 1439 2227; baseline 0.001 -15"><span class='ocrx_word' id='word_1_227' title='bbox 80 2177 184 2218; x_wconf 82' lang='lat' dir='ltr'>test3</span> <span class='ocrx_word' id='word_1_228' title='bbox 209 2177 294 2211; x_wconf 86' lang='lat' dir='ltr'>tam</span> <span class='ocrx_word' id='word_1_229' title='bbox 319 2169 542 2210; x_wconf 75' lang='lat' dir='ltr'>temerario</span> <span class='ocrx_word' id='word_1_230' title='bbox 571 2184 690 2216; x_wconf 87' lang='lat' dir='ltr'>ausu,</span> <span class='ocrx_word' id='word_1_231' title='bbox 709 2171 999 2226; x_wconf 81' lang='lat' dir='ltr'>petulantique</span> <span class='ocrx_word' id='word_1_232' title='bbox 1024 2186 1218 2213; x_wconf 83' lang='lat' dir='ltr'>sermone</span> <span class='ocrx_word' id='word_1_233' title='bbox 1240 2170 1439 2227; x_wconf 82' lang='lat' dir='ltr'>majesta-</span> 
     </span>
     <span class='ocr_line' id='line_1_29' title="bbox 81 2240 1441 2299; baseline 0.001 -17"><span class='ocrx_word' id='word_1_234' title='bbox 81 2248 166 2282; x_wconf 83' lang='lat' dir='ltr'>tem</span> <span class='ocrx_word' id='word_1_235' title='bbox 190 2255 380 2298; x_wconf 70' lang='lat' dir='ltr'>supet-nze</span> <span class='ocrx_word' id='word_1_236' title='bbox 406 2240 571 2281; x_wconf 81' lang='lat' dir='ltr'>virtutis</span> <span class='ocrx_word' id='word_1_237' title='bbox 594 2240 797 2296; x_wconf 79' lang='lat' dir='ltr'>irridens)</span> <span class='ocrx_word' id='word_1_238' title='bbox 833 2241 922 2289; x_wconf 90' lang='lat' dir='ltr'>dic,</span> <span class='ocrx_word' id='word_1_239' title='bbox 952 2241 1135 2283; x_wconf 88' lang='lat' dir='ltr'>Domine</span> <span class='ocrx_word' id='word_1_240' title='bbox 1162 2241 1284 2289; x_wconf 82' lang='lat' dir='ltr'>Jesu,</span> <span class='ocrx_word' id='word_1_241' title='bbox 1315 2257 1441 2299; x_wconf 85' lang='lat' dir='ltr'>quam</span> 
     </span>
     <span class='ocr_line' id='line_1_30' title="bbox 82 2309 1443 2356; baseline 0.002 -3"><span class='ocrx_word' id='word_1_242' title='bbox 82 2319 240 2353; x_wconf 83' lang='lat' dir='ltr'>terram</span> <span class='ocrx_word' id='word_1_243' title='bbox 270 2309 358 2352; x_wconf 87' lang='lat' dir='ltr'>sine</span> <span class='ocrx_word' id='word_1_244' title='bbox 382 2318 422 2351; x_wconf 89' lang='lat' dir='ltr'>te</span> <span class='ocrx_word' id='word_1_245' title='bbox 453 2310 575 2352; x_wconf 84' lang='lat' dir='ltr'>Pater</span> <span class='ocrx_word' id='word_1_246' title='bbox 606 2311 782 2353; x_wconf 74' lang='lat' dir='ltr'>feeerit?</span> <span class='ocrx_word' id='word_1_247' title='bbox 815 2312 979 2353; x_wconf 88' lang='lat' dir='ltr'>Coelum</span> <span class='ocrx_word' id='word_1_248' title='bbox 1019 2312 1131 2353; x_wconf 89' lang='lat' dir='ltr'>enim</span> <span class='ocrx_word' id='word_1_249' title='bbox 1168 2313 1256 2355; x_wconf 89' lang='lat' dir='ltr'>sine</span> <span class='ocrx_word' id='word_1_250' title='bbox 1282 2322 1322 2355; x_wconf 88' lang='lat' dir='ltr'>te</span> <span class='ocrx_word' id='word_1_251' title='bbox 1358 2329 1443 2356; x_wconf 90' lang='lat' dir='ltr'>non</span> 
     </span>
    </p>
   </div>
   <div class='ocr_carea' id='block_1_3' title="bbox 83 2380 1445 2495">
    <p class='ocr_par' dir='ltr' id='par_1_5' title="bbox 83 2380 1445 2495">
     <span class='ocr_line' id='line_1_31' title="bbox 83 2380 1445 2438; baseline 0.001 -14"><span class='ocrx_word' id='word_1_252' title='bbox 83 2382 182 2424; x_wconf 84' lang='lat' dir='ltr'>fecit</span> <span class='ocrx_word' id='word_1_253' title='bbox 205 2413 216 2429; x_wconf 91' lang='lat'>,</span> <span class='ocrx_word' id='word_1_254' title='bbox 249 2382 346 2438; x_wconf 90' lang='lat' dir='ltr'>quia</span> <span class='ocrx_word' id='word_1_255' title='bbox 376 2380 581 2438; x_wconf 84' lang='lat' dir='ltr'>scriptum</span> <span class='ocrx_word' id='word_1_256' title='bbox 609 2391 698 2424; x_wconf 89' lang='lat' dir='ltr'>est:</span> <span class='ocrx_word' id='word_1_257' title='bbox 738 2401 753 2419; x_wconf 93' lang='lat'>«</span> <span class='ocrx_word' id='word_1_258' title='bbox 787 2382 929 2425; x_wconf 89' lang='lat' dir='ltr'>Verbo</span> <span class='ocrx_word' id='word_1_259' title='bbox 958 2383 1129 2426; x_wconf 87' lang='lat' dir='ltr'>Domini</span> <span class='ocrx_word' id='word_1_260' title='bbox 1164 2383 1259 2426; x_wconf 88' lang='lat' dir='ltr'>coeli</span> <span class='ocrx_word' id='word_1_261' title='bbox 1291 2383 1445 2427; x_wconf 85' lang='lat' dir='ltr'>firmati</span> 
     </span>
     <span class='ocr_line' id='line_1_32' title="bbox 90 2450 297 2495; baseline 0.005 -3"><span class='ocrx_word' id='word_1_262' title='bbox 90 2470 106 2492; x_wconf 73' lang='lat' dir='ltr'>n</span> <span class='ocrx_word' id='word_1_263' title='bbox 121 2450 259 2495; x_wconf 79' lang='lat' dir='ltr'>sunt⁶.</span> <span class='ocrx_word' id='word_1_264' title='bbox 281 2469 297 2490; x_wconf 85' lang='lat'>»</span> 
     </span>
    </p>
   </div>
   <div class='ocr_carea' id='block_1_4' title="bbox 89 2551 1445 2647">
    <p class='ocr_par' dir='ltr' id='par_1_6' title="bbox 89 2551 1445 2647">
     <span class='ocr_line' id='line_1_33' title="bbox 128 2551 1445 2596; baseline 0.003 -13"><span class='ocrx_word' id='word_1_265' title='bbox 128 2551 147 2589; x_wconf 62' lang='grc' dir='ltr'><strong>ἐ</strong></span> <span class='ocrx_word' id='word_1_266' title='bbox 165 2551 261 2584; x_wconf 73' lang='lat' dir='ltr'>loan.</span> <span class='ocrx_word' id='word_1_267' title='bbox 276 2560 308 2587; x_wconf 81' lang='lat' dir='ltr'>v,</span> <span class='ocrx_word' id='word_1_268' title='bbox 330 2561 377 2592; x_wconf 88' lang='lat'>19.</span> <span class='ocrx_word' id='word_1_269' title='bbox 397 2566 439 2583; x_wconf 47' lang='grc' dir='ltr'><strong><em>ς</em></strong></span> <span class='ocrx_word' id='word_1_270' title='bbox 459 2560 472 2574; x_wconf 78' lang='lat'><strong>³</strong></span> <span class='ocrx_word' id='word_1_271' title='bbox 492 2551 595 2583; x_wconf 83' lang='lat' dir='ltr'>Marc.</span> <span class='ocrx_word' id='word_1_272' title='bbox 613 2552 732 2592; x_wconf 70' lang='lat' dir='ltr'>v1,48.</span> <span class='ocrx_word' id='word_1_273' title='bbox 750 2570 789 2577; x_wconf 85' lang='grc'>-</span> <span class='ocrx_word' id='word_1_274' title='bbox 808 2554 823 2578; x_wconf 78' lang='lat'>³</span> <span class='ocrx_word' id='word_1_275' title='bbox 838 2553 933 2584; x_wconf 76' lang='lat' dir='ltr'>Joan.</span> <span class='ocrx_word' id='word_1_276' title='bbox 957 2563 994 2589; x_wconf 83' lang='lat' dir='ltr'>n,</span> <span class='ocrx_word' id='word_1_277' title='bbox 1010 2559 1042 2596; x_wconf 80' lang='lat'>9.</span> <span class='ocrx_word' id='word_1_278' title='bbox 1059 2564 1097 2579; x_wconf 67' lang='lat'><em>-‘-=-</em></span> <span class='ocrx_word' id='word_1_279' title='bbox 1123 2555 1137 2580; x_wconf 73' lang='lat'><strong>⁴</strong></span> <span class='ocrx_word' id='word_1_280' title='bbox 1155 2554 1277 2588; x_wconf 73' lang='lat' dir='ltr'>Manli.</span> <span class='ocrx_word' id='word_1_281' title='bbox 1305 2564 1330 2593; x_wconf 85' lang='lat'>1,</span> <span class='ocrx_word' id='word_1_282' title='bbox 1349 2554 1445 2587; x_wconf 67' lang='lat'>25.—</span> 
     </span>
     <span class='ocr_line' id='line_1_34' title="bbox 89 2604 685 2647; baseline 0.002 -10"><span class='ocrx_word' id='word_1_283' title='bbox 89 2608 102 2630; x_wconf 75' lang='lat'>1*</span> <span class='ocrx_word' id='word_1_284' title='bbox 123 2605 221 2638; x_wconf 80' lang='lat' dir='ltr'>Joan.</span> <span class='ocrx_word' id='word_1_285' title='bbox 238 2615 268 2643; x_wconf 82' lang='lat' dir='ltr'>v,</span> <span class='ocrx_word' id='word_1_286' title='bbox 285 2616 315 2647; x_wconf 88' lang='lat'>9.</span> <span class='ocrx_word' id='word_1_287' title='bbox 337 2621 375 2630; x_wconf 85' lang='lat'>—-·</span> <span class='ocrx_word' id='word_1_288' title='bbox 395 2605 411 2627; x_wconf 78' lang='lat'><strong>⁶</strong></span> <span class='ocrx_word' id='word_1_289' title='bbox 429 2604 512 2637; x_wconf 79' lang='lat' dir='ltr'>Psal.</span> <span class='ocrx_word' id='word_1_290' title='bbox 533 2617 634 2644; x_wconf 75' lang='lat' dir='ltr'>xxxii,</span> <span class='ocrx_word' id='word_1_291' title='bbox 656 2606 685 2638; x_wconf 91' lang='lat'>6.</span> 
     </span>
    </p>
   </div>
  </div>
 </body>
</html>
