1768 3283
513 267 562 293 DE
596 265 706 298 Fine,
743 267 819 294 11η.
859 266 896 293 v.
1314 253 1396 305 ‘³45

42 359 214 387 »servus
236 352 277 386 et
305 344 410 386 liber
436 360 444 385 ε
471 345 543 386 sed
567 344 707 386 omnia
737 354 778 386 et
809 346 848 386 in
882 346 1080 387 omnibus
1118 346 1385 388 Christns¹.»

42 416 151 473 Ergo
173 416 297 458 etiam
324 418 375 457 ad
399 415 640 458 Corinthios
668 415 812 458 dicens
842 431 885 456 :«
903 416 954 458 Ut
981 416 1032 457 sit
1055 416 1167 458 Deus
1191 417 1330 458 omnia
1354 426 1395 458 ct

45 505 60 525 ι
76 486 114 527 in
143 484 411 535 omnibus²,»
433 494 473 527 et
496 486 698 527 unitatem
718 493 759 526 et
781 484 1059 541 {equalitatem
1088 500 1185 526 cum
1210 486 1298 527 Deo
1325 487 1400 527 Pa-

45 563 108 597 tre
131 556 377 612 complexus
397 563 459 596 est
483 555 658 603 Christi;
681 555 774 611 quia
806 570 882 596 nee
901 571 921 596 a
943 555 1064 596 Patre
1087 555 1217 596 Filius
1236 570 1400 612 separa-

46 632 127 667 tur.
166 625 216 666 Et
252 624 444 666 similiter
475 625 583 667 sicut
605 626 725 667 Pater
758 625 897 667 omnia
932 634 973 666 et
1005 625 1045 666 in
1079 625 1304 671 omnibus.
1345 625 1400 666 ita

46 695 184 736 omnia
211 695 250 736 iu
269 695 466 737 omnibus
483 695 608 736 eiiam
630 696 821 736 Christus
839 704 1050 753 operatur.
1076 696 1118 736 Si
1136 711 1236 753 ergo
1262 696 1401 737 Chris-

47 774 112 807 tus
135 781 302 822 quoque
325 766 364 807 in
398 766 593 807 omnibus
620 767 759 807 omniu
787 766 1031 824 operatur-³,
1069 781 1152 808 non
1187 767 1330 822 utique
1358 767 1401 808 in

46 835 279 878 Divinitatis
299 835 515 891 majestate
534 836 750 891 subjectus
768 845 845 884 est,
868 837 993 877 sedin
1015 836 1147 878 nobis.
1173 836 1400 887 Quomodo

49 915 187 948 autem
216 907 433 962 subjectus
464 915 525 947 est
558 907 597 948 in
630 907 772 954 nobis,
810 907 887 948 nisi
920 922 970 948 eo
1003 908 1128 948 modo
1152 921 1235 962 quo
1262 907 1404 948 minor

48 976 215 1033 Angelis
237 976 370 1018 sactus
398 985 486 1024 est,
514 976 554 1017 in
576 977 764 1033 corporis
786 977 948 1019 seilicet
966 975 1263 1018 sacramento?
1280 975 1327 1017 ln
1352 989 1402 1017 eo

49 1046 159 1087 enim
181 1047 369 1087 nondum
388 1046 576 1103 subjecta
596 1046 632 1087 ei
654 1048 793 1088 omnia
813 1047 1086 1095 videbantur,
1109 1061 1202 1103 quze
1223 1047 1403 1089 creatori

50 1131 124 1159 suo
148 1132 168 1158 a
191 1117 398 1174 principio
421 1118 482 1159 sui
506 1118 650 1173 utique
673 1118 923 1160 serviebant.

111 1187 373 1230 CLXXVIII.
412 1189 538 1240 Quod
560 1188 590 1229 si
616 1188 826 1244 quaesieris
849 1189 1207 1244 quemadmodum
1234 1189 1286 1230 sit
1310 1189 1405 1230 sub-

50 1258 186 1315 jectus
210 1258 250 1299 in
274 1259 395 1300 nobis
411 1292 421 1307 ,
446 1258 533 1315 ipse
562 1260 745 1300 ostendit
766 1260 912 1301 dicens
934 1275 942 1301 t
961 1278 976 1297 «
995 1261 1042 1300 In
1066 1274 1237 1301 carcere
1260 1275 1372 1301 eram
1389 1293 1400 1307 ‚

52 1336 122 1369 »et
143 1328 312 1369 venistis
332 1329 381 1369 ad
402 1344 468 1370 me
489 1344 498 1370 τ
521 1328 710 1370 infirmus
729 1344 843 1370 eram
865 1362 874 1377 ‚
894 1338 935 1371 et
958 1329 1150 1370 visitastis
1170 1345 1248 1371 me.
1276 1330 1404 1381 Quod

52 1398 192 1439 »enim
223 1398 294 1439 uni
329 1399 477 1440 horum
515 1399 783 1441 minimorum
808 1399 989 1446 fecistis,
1032 1399 1134 1439 mihi
1159 1398 1357 1440 fecistis‘’.
1379 1418 1393 1436 n

53 1467 272 1509 Infirmum
308 1468 448 1514 nudis,
476 1477 518 1510 et
551 1484 633 1510 non
669 1469 848 1510 moveris
876 1485 884 1510 :
918 1469 1157 1524 subjeetum
1188 1469 1331 1516 audis,
1364 1478 1407 1510 et

54 1538 260 1585 moveri53
293 1553 389 1579 cum
423 1538 462 1579 in
494 1553 543 1580 eo
568 1538 782 1586 infirmus,
815 1539 856 1580 in
877 1555 960 1595 quo
983 1539 1226 1595 subjectus,
1252 1539 1293 1580 in
1322 1554 1405 1596 quo

53 1617 274 1665 peccatum
298 1616 421 1665 atque
444 1609 715 1651 maledictum
750 1624 823 1666 pro
847 1610 968 1651 nobis
992 1610 1123 1651 sactus
1147 1618 1223 1652 ost.

117 1678 344 1721 CLXXJX.
383 1679 501 1721 Sicut
525 1679 648 1736 igitur
667 1695 748 1720 non
768 1690 942 1737 propter
959 1696 1001 1722 se
1019 1714 1027 1729 ,
1048 1682 1117 1722 sed
1139 1689 1310 1738 propter
1333 1695 1408 1722 nos

54 1757 274 1806 peceatum
304 1757 428 1805 atque
460 1750 733 1791 maledictum
758 1751 892 1791 sactus
925 1759 985 1792 est
1012 1767 1019 1792 :
1048 1751 1103 1792 ita
1130 1766 1212 1791 nou
1237 1765 1312 1806 pro
1335 1765 1377 1791 se
1397 1782 1406 1800 ‚

58 1821 128 1861 sed
152 1834 225 1877 pro
248 1820 368 1861 nobis
392 1821 471 1862 erit
491 1820 708 1877 subjectus
731 1822 772 1862 in
797 1821 936 1868 nobis,
972 1836 1055 1862 non
1081 1822 1121 1862 in
1148 1828 1293 1861 natura
1318 1820 1413 1861 sub-

58 1890 193 1946 jectus
214 1899 387 1939 aeterna,
413 1905 549 1947 neque
572 1891 610 1932 in
640 1900 786 1932 natura
812 1891 1066 1933 maledictus
1087 1900 1240 1932 retorna
1272 1907 1314 1932 :«
1330 1891 1411 1932 Ma·

60 1961 266 2003 »ledictus
295 1961 405 2002 enim
429 1961 563 2002 omnis
585 1962 654 2018 qui
684 1962 838 2019 pendet
864 1962 903 2003 in
928 1961 1080 2018 ligno⁵.
1102 1980 1115 1998 »
1137 1961 1382 2003 Maledictus
1399 1994 1408 2009 ‚

59 2032 156 2088 quia
182 2039 319 2073 nostra
344 2032 567 2074 maledicta
594 2033 777 2090 suscepit
802 2048 811 2074 ε
842 2032 1059 2089 subjectus
1087 2047 1280 2087 quoque;
1316 2032 1412 2088 quia

61 2101 366 2157 subjectionem
390 2110 571 2143 nostram
591 2102 678 2159 ipse
699 2103 902 2159 suscepit,
930 2105 1001 2144 sed
1027 2102 1068 2143 in
1088 2101 1246 2143 servilis
1272 2102 1414 2143 formae

63 2171 371 2228 assumptione,
401 2187 482 2213 non
509 2172 546 2212 in
582 2172 656 2213 Dei
684 2172 928 2225 majestat&
958 2180 1002 2213 ut
1036 2172 1135 2212 dum
1171 2171 1239 2211 isse
1264 2181 1416 2213 nostra:

62 2242 292 2300 fragilitatis
314 2257 356 2283 se
376 2242 581 2298 praeberet
600 2242 638 2282 in
661 2257 785 2283 earne
807 2249 1069 2285 consortem.
1098 2256 1170 2281 nos
1193 2241 1233 2281 iu
1262 2241 1414 2282 virtute

65 2328 135 2354 sna
161 2314 308 2354 divinae
340 2312 494 2353 faceret
526 2321 741 2353 consortes
776 2310 974 2352 naturaess.
1006 2310 1096 2353 Non
1122 2325 1204 2366 quo
1233 2319 1304 2351 ant
1337 2310 1419 2351 hoc

65 2384 184 2426 nobis
214 2399 309 2424 cun]
335 2397 511 2440 superna
545 2382 699 2423 Christi
726 2383 997 2439 generatione
1028 2382 1218 2422 naturale
1243 2395 1421 2421 consor-

66 2455 186 2503 tium,
209 2462 278 2495 aut
293 2453 527 2495 Divinitatis
545 2452 586 2494 in
606 2452 774 2494 Christo
791 2452 843 2493 sit
862 2452 929 2493 illa
953 2450 1191 2507 subjectio:
1212 2451 1284 2491 sed
1310 2449 1419 2491 sicut

115 2564 122 2577 ¹
151 2554 272 2585 Coioss.
305 2564 355 2589 ιιι,
383 2564 431 2585 ιι.
461 2571 501 2577 --
520 2564 531 2577 ²
558 2553 669 2586 xCor.
689 2564 738 2588 w,
759 2553 807 2583 253.
826 2570 864 2576 —-
885 2554 897 2574 3
918 2551 968 2583 ld.
987 2562 1046 2587 ιιι,
1062 2552 1094 2584 6.
1118 2569 1155 2574 --
1178 2550 1327 2583 ⁴Maub.
1347 2561 1424 2590 xxv,

69 2608 122 2646 56,
141 2614 169 2640 et
189 2618 277 2651 seqq.
298 2626 338 2631 -
357 2611 367 2630 ἦ
387 2607 491 2640 Galat.
513 2619 563 2645 ιιι,
590 2609 638 2637 13.
659 2626 696 2631 -—
715 2608 730 2628 6
752 2618 765 2637 2
787 2608 870 2639 Petr.
893 2618 913 2639 ι,
931 2606 962 2642 si.
