1768 3283
339 329 425 384 478
885 344 918 370 s.
957 343 1146 370 AMBssosu

337 423 395 465 eis
418 421 592 463 verbum
621 419 811 477 ingeniti,
850 419 1087 461 assertionis
1112 418 1365 476 principium
1401 419 1587 462 invenire
1605 436 1688 462 non

338 491 539 551 possunt?
563 490 641 532 Ubi
661 505 759 546 ergo
779 490 981 546 legerint,
1007 491 1311 532 demonstrent.

397 562 505 604 XCI.
552 560 775 601 Exciderat
810 560 947 600 animo
981 575 989 600 :
1021 574 1132 600 nunc
1172 561 1298 601 redeo
1333 560 1373 601 in
1420 559 1683 601 memoriam.

331 633 506 676 Lectum
539 638 620 676 est,
654 628 876 683 inquiunt3
910 643 1005 669 nau]
1040 629 1186 669 Arrius
1220 628 1322 670 dixit
1357 629 1590 684 ingenitum
1614 630 1690 670 Pa-

339 713 446 746 trem
462 733 472 750 ,
496 710 536 741 et
553 699 740 755 genitum
762 707 803 741 et
820 708 1008 740 creatum
1026 699 1191 740 Filium.
1215 699 1276 740 En
1295 714 1378 755 quo
1404 708 1576 741 auctore
1595 715 1690 741 con-

341 782 402 815 tra
421 769 660 828 Apostolica
686 769 839 825 scripta
866 769 1148 810 contendant:
1178 771 1436 810 contendant
1468 779 1606 811 tamen
1623 803 1633 818 ‚
1658 771 1689 811 si

342 841 470 882 modo
499 853 541 880 se
571 837 680 879 Arrii
710 837 936 893 discipulos
968 853 1058 879 esse
1085 838 1306 880 fateantur.
1340 838 1440 880 Nau]
1477 841 1691 895 quomodo

339 916 492 965 negant
512 906 780 963 magistrum,
808 905 928 962 cujus
951 907 1169 948 inventum
1197 907 1460 963 sequuntur?

398 977 530 1019 XCII.
568 976 651 1017 Sed
681 975 714 1016 si
752 976 809 1017 illi
839 975 920 1017 hoc
953 976 1122 1022 dicunt,
1152 979 1266 1032 quod
1308 978 1454 1018 Arrius
1486 993 1495 1018 z
1541 977 1690 1033 justius

339 1063 414 1104 ego
441 1047 572 1088 debeo
605 1045 744 1086 dicere
762 1045 774 1066 ¹
797 1076 807 1093 ,
832 1046 945 1100 quod
972 1044 1197 1101 Apostolus
1235 1045 1348 1086 dixit.
1386 1047 1552 1087 Patrem
1580 1048 1691 1087 enim

339 1118 455 1165 dixit,
481 1131 564 1158 non
588 1114 820 1171 ingenitum
843 1114 1074 1156 nominavit
1096 1130 1104 1155 :
1130 1115 1283 1157 Filium
1304 1115 1421 1164 dixit,
1446 1116 1690 1172 etgenituui

340 1188 493 1230 Filium
518 1186 632 1228 dixit.
659 1185 785 1236 Quod
802 1185 898 1241 legi,
920 1200 1003 1226 non
1022 1200 1128 1243 nego
1150 1202 1160 1234 3
1184 1186 1268 1226 imo
1297 1186 1478 1227 libenter
1509 1201 1689 1243 usurpo:

341 1259 455 1315 quod
474 1272 555 1299 non
579 1256 676 1312 legi,
709 1270 912 1312 usurpare
934 1271 1018 1297 non
1046 1256 1195 1297 debeo.
1219 1255 1302 1297 Sed
1327 1264 1490 1305 tamen,
1516 1258 1628 1312 quod
1652 1257 1692 1299 in

343 1328 559 1370 dialectica
590 1341 676 1368 non
702 1325 951 1374 faceremus,
980 1335 1209 1384 usurpent3
1229 1327 1260 1368 si
1277 1335 1410 1368 nonet
1424 1326 1529 1368 forte
1553 1327 1694 1369 dicant

342 1399 437 1456 quia
461 1397 648 1455 genitum
669 1411 754 1438 non
777 1396 953 1452 legimns
983 1397 1147 1439 Patrem
1181 1398 1288 1439 sicut
1323 1397 1494 1446 Filium,
1517 1397 1610 1439 ideo
1636 1399 1695 1440 in-

342 1470 534 1528 genitum
550 1468 753 1509 aestimare
773 1466 989 1508 debemus.

400 1537 551 1581 XCIII.
591 1536 843 1592 Intelligitur
864 1536 944 1577 hoc
961 1569 971 1585 ‚
991 1551 1090 1593 ergo
1114 1552 1198 1578 non
1226 1535 1388 1593 legitur.
1416 1534 1499 1577 Sed
1517 1535 1549 1577 si
1573 1536 1693 1578 intel·

341 1609 497 1666 ligitur,
522 1622 601 1648 nec
620 1606 822 1663 Spiritum
842 1615 1035 1648 sanctum
1060 1607 1246 1664 genitum
1266 1606 1345 1662 legi
1368 1620 1377 1646 t
1407 1620 1506 1662 ergo
1527 1614 1569 1647 et
1600 1606 1692 1662 Spi-

344 1681 470 1726 ritus,
499 1677 594 1732 quia
624 1676 788 1732 genitus
820 1691 904 1717 non
933 1685 1018 1725 est,
1047 1676 1254 1733 ingenitus
1287 1676 1432 1731 utique
1462 1676 1695 1717 secundun]

343 1758 522 1791 vestram
550 1746 798 1788 sententiam
831 1747 1111 1788 nominandus
1135 1756 1209 1788 est.
1240 1746 1283 1788 Si
1307 1746 1432 1803 igitur·
1456 1746 1689 1803 ingenitum

345 1818 479 1861 dicitis
503 1825 544 1858 et
561 1815 746 1872 genitum
769 1830 852 1856 non
870 1831 989 1873 posse
1014 1818 1134 1858 unius
1151 1832 1240 1858 esse
1258 1816 1499 1858 substantiae
1517 1832 1528 1864 3
1554 1832 1696 1874 super-

343 1897 404 1931 est
422 1896 468 1930 ut
486 1889 536 1928 de
553 1887 676 1927 Patre
697 1895 739 1927 et
758 1886 916 1943 Spiritu
934 1898 1078 1930 sancto
1093 1921 1103 1935 ‚
1131 1888 1227 1944 quia
1245 1903 1297 1928 ne
1311 1888 1476 1929 Patrem
1505 1888 1696 1944 genitum

342 1960 541 2015 legimus,
564 1971 642 1998 nec
665 1956 867 2013 Spiritum
902 1967 1115 2006 sanctuni,
1141 1958 1345 1999 unitatem
1370 1957 1518 1999 divinae
1537 1966 1694 1999 naturae

341 2040 384 2073 et
400 2028 639 2071 substantiae
664 2042 748 2069 non
772 2029 944 2085 negetis.
969 2030 1011 2071 Si
1028 2030 1138 2071 enim
1158 2030 1198 2070 in
1220 2046 1269 2071 eo
1286 2037 1348 2070 est
1366 2029 1422 2070 vis
1441 2030 1577 2070 omnis
1602 2045 1694 2071 ves-

342 2110 415 2144 trae
438 2098 751 2155 disputationis,
777 2101 889 2154 quod
911 2100 1118 2156 ingenitus
1138 2109 1178 2140 et
1221 2099 1384 2156 genitus
1408 2114 1492 2140 non
1514 2109 1691 2156 possunt

342 2186 430 2212 esse
450 2170 573 2210 unius
593 2177 778 2209 naturaet
810 2183 908 2225 ergo
932 2170 1003 2225 qui
1028 2185 1112 2211 non
1134 2179 1195 2212 est
1218 2170 1380 2226 genitus
1399 2202 1408 2217 ‚
1435 2183 1533 2210 cum
1555 2184 1604 2210 eo
1623 2170 1694 2226 qui

343 2255 430 2284 non
453 2239 505 2281 sit
527 2239 714 2295 genitus,
749 2240 873 2281 unius
905 2249 1062 2281 naturae
1089 2251 1212 2296 atque
1229 2239 1472 2282 substantiae
1489 2248 1563 2280 est.
1589 2239 1641 2279 Et
1663 2239 1697 2280 si

345 2312 437 2354 ideo
460 2310 612 2367 putatis
638 2311 804 2351 Patrem
827 2309 1030 2366 majorem
1051 2326 1162 2359 esse,
1188 2310 1282 2367 quia
1309 2309 1472 2366 genitus
1496 2322 1579 2349 non
1605 2316 1691 2356 est3

345 2382 551 2438 numquid
573 2390 613 2422 et
641 2380 818 2437 Spiritus
840 2390 1007 2423 sanctus
1030 2382 1165 2437 major
1185 2389 1248 2423 est
1270 2380 1410 2422 Filio?

404 2452 553 2496 XCIV.
590 2452 717 2494 Multa
739 2460 913 2509 possunt
931 2460 971 2493 et
988 2452 1210 2493 innumera
1233 2451 1425 2506 exempla
1449 2455 1693 2505 suppetere,

346 2534 393 2566 ut
416 2527 465 2566 de
482 2539 531 2565 eo
555 2525 668 2580 quod
689 2525 875 2581 genitum
908 2538 992 2564 non
1022 2523 1098 2571 sit,
1133 2523 1295 2564 dicatur
1314 2519 1560 2577 ingenitum.
1590 2517 1694 2560 Nam

346 2604 386 2639 et
404 2597 609 2637 mundum
631 2596 818 2653 plerique
836 2596 1065 2652 ingenitum
1083 2609 1173 2636 esse
1191 2594 1404 2641 dixerunt,
1420 2599 1460 2633 et
1478 2589 1694 2632 materiam

395 2686 670 2730 ¹Ephes.111,14.
