<?xml version="1.0" encoding="UTF-8"?>
<!DOCTYPE html PUBLIC "-//W3C//DTD XHTML 1.0 Transitional//EN"
    "http://www.w3.org/TR/xhtml1/DTD/xhtml1-transitional.dtd">
<html xmlns="http://www.w3.org/1999/xhtml" xml:lang="en" lang="en">
 <head>
  <title>
</title>
<meta http-equiv="Content-Type" content="text/html;charset=utf-8" />
  <meta name='ocr-system' content='tesseract 3.04.00' />
  <meta name='ocr-capabilities' content='ocr_page ocr_carea ocr_par ocr_line ocrx_word'/>
</head>
<body>
  <div class='ocr_page' id='page_1' title='image "./omniaequaeextant06ambruoft_0481.png"; bbox 0 0 1768 3283; ppageno 0'>
   <div class='ocr_carea' id='block_1_1' title="bbox 235 295 1373 346">
    <p class='ocr_par' dir='ltr' id='par_1_1' title="bbox 235 295 1373 346">
     <span class='ocr_line' id='line_1_1' title="bbox 235 295 1373 346; baseline -0.005 -3"><span class='ocrx_word' id='word_1_1' title='bbox 235 314 287 343; x_wconf 68' lang='lat' dir='ltr'>nn</span> <span class='ocrx_word' id='word_1_2' title='bbox 320 313 484 342; x_wconf 64' lang='lat' dir='ltr'>melum.</span> <span class='ocrx_word' id='word_1_3' title='bbox 521 311 659 340; x_wconf 69' lang='lat' dir='ltr'>noum.</span> <span class='ocrx_word' id='word_1_4' title='bbox 698 309 986 346; x_wconf 61' lang='lat' dir='ltr'>SACRAMENTO,</span> <span class='ocrx_word' id='word_1_5' title='bbox 1025 312 1101 337; x_wconf 47' lang='lat'>1213.</span> <span class='ocrx_word' id='word_1_6' title='bbox 1141 313 1167 341; x_wconf 81' lang='grc' dir='ltr'>ι.</span> <span class='ocrx_word' id='word_1_7' title='bbox 1296 295 1373 345; x_wconf 75' lang='grc' dir='ltr'>46ι</span> 
     </span>
    </p>
   </div>
   <div class='ocr_carea' id='block_1_2' title="bbox 0 387 1396 2063">
    <p class='ocr_par' dir='ltr' id='par_1_2' title="bbox 42 387 1380 584">
     <span class='ocr_line' id='line_1_2' title="bbox 42 387 1380 446; baseline -0.001 -16"><span class='ocrx_word' id='word_1_8' title='bbox 42 403 166 446; x_wconf 87' lang='lat' dir='ltr'>super</span> <span class='ocrx_word' id='word_1_9' title='bbox 185 404 298 430; x_wconf 90' lang='lat' dir='ltr'>mare</span> <span class='ocrx_word' id='word_1_10' title='bbox 320 389 490 430; x_wconf 90' lang='lat' dir='ltr'>Petrum</span> <span class='ocrx_word' id='word_1_11' title='bbox 520 389 732 429; x_wconf 83' lang='lat' dir='ltr'>ambulare</span> <span class='ocrx_word' id='word_1_12' title='bbox 759 387 980 445; x_wconf 68' lang='lat' dir='ltr'>proecepit3</span> <span class='ocrx_word' id='word_1_13' title='bbox 1011 388 1079 443; x_wconf 85' lang='lat' dir='ltr'>qui</span> <span class='ocrx_word' id='word_1_14' title='bbox 1105 387 1202 429; x_wconf 82' lang='lat' dir='ltr'>licet</span> <span class='ocrx_word' id='word_1_15' title='bbox 1225 387 1380 429; x_wconf 85' lang='lat' dir='ltr'>tituba-</span> 
     </span>
     <span class='ocr_line' id='line_1_3' title="bbox 42 457 1380 514; baseline -0.001 -13"><span class='ocrx_word' id='word_1_16' title='bbox 42 459 197 507; x_wconf 79' lang='lat' dir='ltr'>verit¹3</span> <span class='ocrx_word' id='word_1_17' title='bbox 225 459 417 501; x_wconf 75' lang='lat' dir='ltr'>titubavit</span> <span class='ocrx_word' id='word_1_18' title='bbox 445 468 583 500; x_wconf 88' lang='lat' dir='ltr'>tamen</span> <span class='ocrx_word' id='word_1_19' title='bbox 615 473 701 500; x_wconf 91' lang='lat' dir='ltr'>non</span> <span class='ocrx_word' id='word_1_20' title='bbox 725 473 798 514; x_wconf 87' lang='lat' dir='ltr'>per</span> <span class='ocrx_word' id='word_1_21' title='bbox 821 458 1149 500; x_wconf 69' lang='lat' dir='ltr'>imbecillitatem</span> <span class='ocrx_word' id='word_1_22' title='bbox 1173 457 1380 514; x_wconf 87' lang='lat' dir='ltr'>jubentis,</span> 
     </span>
     <span class='ocr_line' id='line_1_4' title="bbox 43 527 778 584; baseline -0.003 -13"><span class='ocrx_word' id='word_1_23' title='bbox 43 530 115 571; x_wconf 89' lang='lat' dir='ltr'>sed</span> <span class='ocrx_word' id='word_1_24' title='bbox 135 543 208 584; x_wconf 87' lang='lat' dir='ltr'>per</span> <span class='ocrx_word' id='word_1_25' title='bbox 230 527 513 570; x_wconf 77' lang='lat' dir='ltr'>infirmitatem</span> <span class='ocrx_word' id='word_1_26' title='bbox 533 528 778 570; x_wconf 88' lang='lat' dir='ltr'>obedientis.</span> 
     </span>
    </p>

    <p class='ocr_par' dir='ltr' id='par_1_3' title="bbox 0 598 1395 1778">
     <span class='ocr_line' id='line_1_5' title="bbox 100 598 1383 657; baseline -0.002 -15"><span class='ocrx_word' id='word_1_27' title='bbox 100 598 245 642; x_wconf 88' lang='lat' dir='ltr'><strong>XLIV.</strong></span> <span class='ocrx_word' id='word_1_28' title='bbox 283 600 392 657; x_wconf 80' lang='lat' dir='ltr'>Ergo</span> <span class='ocrx_word' id='word_1_29' title='bbox 427 600 638 657; x_wconf 81' lang='lat' dir='ltr'>splendori</span> <span class='ocrx_word' id='word_1_30' title='bbox 669 599 809 656; x_wconf 81' lang='lat' dir='ltr'>gloriae</span> <span class='ocrx_word' id='word_1_31' title='bbox 840 614 924 641; x_wconf 90' lang='lat' dir='ltr'>non</span> <span class='ocrx_word' id='word_1_32' title='bbox 956 599 1209 656; x_wconf 79' lang='lat' dir='ltr'>permisceas</span> <span class='ocrx_word' id='word_1_33' title='bbox 1233 607 1383 640; x_wconf 64' lang='lat' dir='ltr'>nostra]</span> 
     </span>
     <span class='ocr_line' id='line_1_6' title="bbox 44 669 1386 718; baseline 0.001 -8"><span class='ocrx_word' id='word_1_34' title='bbox 44 677 323 711; x_wconf 76' lang='lat' dir='ltr'>atramentum</span> <span class='ocrx_word' id='word_1_35' title='bbox 355 678 534 718; x_wconf 88' lang='lat' dir='ltr'>naturae,</span> <span class='ocrx_word' id='word_1_36' title='bbox 565 685 649 712; x_wconf 89' lang='lat' dir='ltr'>non</span> <span class='ocrx_word' id='word_1_37' title='bbox 680 671 762 712; x_wconf 91' lang='lat' dir='ltr'>luci</span> <span class='ocrx_word' id='word_1_38' title='bbox 798 671 994 712; x_wconf 83' lang='lat' dir='ltr'>nebulam</span> <span class='ocrx_word' id='word_1_39' title='bbox 1025 669 1218 711; x_wconf 73' lang='lat' dir='ltr'>humanm</span> <span class='ocrx_word' id='word_1_40' title='bbox 1252 670 1386 712; x_wconf 83' lang='lat' dir='ltr'>carnis</span> 
     </span>
     <span class='ocr_line' id='line_1_7' title="bbox 44 740 1387 798; baseline -0.001 -16"><span class='ocrx_word' id='word_1_41' title='bbox 44 740 247 782; x_wconf 84' lang='lat' dir='ltr'>offundas.</span> <span class='ocrx_word' id='word_1_42' title='bbox 276 742 433 783; x_wconf 79' lang='lat' dir='ltr'>Rursus</span> <span class='ocrx_word' id='word_1_43' title='bbox 454 740 689 798; x_wconf 84' lang='lat' dir='ltr'>passionem</span> <span class='ocrx_word' id='word_1_44' title='bbox 715 741 965 797; x_wconf 58' lang='lat' dir='ltr'>praedicans,</span> <span class='ocrx_word' id='word_1_45' title='bbox 995 740 1025 781; x_wconf 89' lang='lat' dir='ltr'>si</span> <span class='ocrx_word' id='word_1_46' title='bbox 1053 754 1318 796; x_wconf 84' lang='lat' dir='ltr'>nequaquam</span> <span class='ocrx_word' id='word_1_47' title='bbox 1344 740 1387 781; x_wconf 86' lang='lat' dir='ltr'>id</span> 
     </span>
     <span class='ocr_line' id='line_1_8' title="bbox 43 809 1384 868; baseline -0.001 -17"><span class='ocrx_word' id='word_1_48' title='bbox 43 812 156 867; x_wconf 87' lang='lat' dir='ltr'>quod</span> <span class='ocrx_word' id='word_1_49' title='bbox 176 820 237 853; x_wconf 90' lang='lat' dir='ltr'>est</span> <span class='ocrx_word' id='word_1_50' title='bbox 252 811 444 868; x_wconf 77' lang='lat' dir='ltr'>passibile</span> <span class='ocrx_word' id='word_1_51' title='bbox 462 825 751 866; x_wconf 78' lang='lat' dir='ltr'>recognoscas,</span> <span class='ocrx_word' id='word_1_52' title='bbox 773 810 969 866; x_wconf 83' lang='lat' dir='ltr'>pietatem</span> <span class='ocrx_word' id='word_1_53' title='bbox 991 810 1159 851; x_wconf 90' lang='lat' dir='ltr'>Domini</span> <span class='ocrx_word' id='word_1_54' title='bbox 1182 809 1384 858; x_wconf 72' lang='lat' dir='ltr'>refellisti,</span> 
     </span>
     <span class='ocr_line' id='line_1_9' title="bbox 45 879 1391 937; baseline -0.002 -14"><span class='ocrx_word' id='word_1_55' title='bbox 45 883 218 923; x_wconf 88' lang='lat' dir='ltr'>salutem</span> <span class='ocrx_word' id='word_1_56' title='bbox 253 891 366 923; x_wconf 88' lang='lat' dir='ltr'>tuam</span> <span class='ocrx_word' id='word_1_57' title='bbox 398 881 568 937; x_wconf 85' lang='lat' dir='ltr'>negasti.</span> <span class='ocrx_word' id='word_1_58' title='bbox 608 881 727 921; x_wconf 86' lang='lat' dir='ltr'>Unde</span> <span class='ocrx_word' id='word_1_59' title='bbox 749 889 934 921; x_wconf 84' lang='lat' dir='ltr'>amentes</span> <span class='ocrx_word' id='word_1_60' title='bbox 957 895 1027 921; x_wconf 91' lang='lat' dir='ltr'>eos</span> <span class='ocrx_word' id='word_1_61' title='bbox 1043 879 1249 921; x_wconf 83' lang='lat' dir='ltr'>aestimare</span> <span class='ocrx_word' id='word_1_62' title='bbox 1269 880 1391 920; x_wconf 88' lang='lat' dir='ltr'>debc-</span> 
     </span>
     <span class='ocr_line' id='line_1_10' title="bbox 45 948 1388 1006; baseline -0.001 -14"><span class='ocrx_word' id='word_1_63' title='bbox 45 966 138 992; x_wconf 87' lang='lat' dir='ltr'>mus</span> <span class='ocrx_word' id='word_1_64' title='bbox 154 984 162 997; x_wconf 89' lang='lat'><em>,</em></span> <span class='ocrx_word' id='word_1_65' title='bbox 187 952 256 1006; x_wconf 87' lang='lat' dir='ltr'>qui</span> <span class='ocrx_word' id='word_1_66' title='bbox 281 951 494 991; x_wconf 84' lang='lat' dir='ltr'>audientes</span> <span class='ocrx_word' id='word_1_67' title='bbox 516 949 725 997; x_wconf 75' lang='lat' dir='ltr'>dicentem</span> <span class='ocrx_word' id='word_1_68' title='bbox 748 949 824 990; x_wconf 91' lang='lat' dir='ltr'>Dei</span> <span class='ocrx_word' id='word_1_69' title='bbox 845 949 999 990; x_wconf 90' lang='lat' dir='ltr'>Filium</span> <span class='ocrx_word' id='word_1_70' title='bbox 1022 964 1030 989; x_wconf 91' lang='lat'>:</span> <span class='ocrx_word' id='word_1_71' title='bbox 1058 967 1073 986; x_wconf 78' lang='grc' dir='ltr'><em>α</em></span> <span class='ocrx_word' id='word_1_72' title='bbox 1092 948 1205 1000; x_wconf 85' lang='lat' dir='ltr'>Quid</span> <span class='ocrx_word' id='word_1_73' title='bbox 1229 964 1295 990; x_wconf 84' lang='lat' dir='ltr'>me</span> <span class='ocrx_word' id='word_1_74' title='bbox 1314 964 1388 990; x_wconf 72' lang='lat' dir='ltr'>cse-</span> 
     </span>
     <span class='ocr_line' id='line_1_11' title="bbox 46 1017 1391 1074; baseline 0 -14"><span class='ocrx_word' id='word_1_75' title='bbox 46 1040 60 1060; x_wconf 70' lang='lat' dir='ltr'><strong><em>n</em></strong></span> <span class='ocrx_word' id='word_1_76' title='bbox 77 1020 164 1062; x_wconf 80' lang='lat' dir='ltr'>dis²</span> <span class='ocrx_word' id='word_1_77' title='bbox 180 1020 197 1062; x_wconf 77' lang='grc' dir='ltr'>Ξ)</span> <span class='ocrx_word' id='word_1_78' title='bbox 216 1039 228 1059; x_wconf 72' lang='lat' dir='ltr'>n</span> <span class='ocrx_word' id='word_1_79' title='bbox 250 1022 483 1062; x_wconf 88' lang='lat' dir='ltr'>secundum</span> <span class='ocrx_word' id='word_1_80' title='bbox 502 1027 693 1061; x_wconf 85' lang='lat' dir='ltr'>naturam</span> <span class='ocrx_word' id='word_1_81' title='bbox 716 1018 947 1060; x_wconf 86' lang='lat' dir='ltr'>Divinitatis</span> <span class='ocrx_word' id='word_1_82' title='bbox 966 1017 1203 1074; x_wconf 85' lang='lat' dir='ltr'>subjectum</span> <span class='ocrx_word' id='word_1_83' title='bbox 1228 1018 1391 1074; x_wconf 87' lang='lat' dir='ltr'>injuriae</span> 
     </span>
     <span class='ocr_line' id='line_1_12' title="bbox 46 1086 1390 1148; baseline -0.002 -16"><span class='ocrx_word' id='word_1_84' title='bbox 46 1099 310 1148; x_wconf 85' lang='lat' dir='ltr'>putaverunt.</span> <span class='ocrx_word' id='word_1_85' title='bbox 349 1090 463 1131; x_wconf 88' lang='lat' dir='ltr'>Dixit</span> <span class='ocrx_word' id='word_1_86' title='bbox 488 1090 600 1131; x_wconf 89' lang='lat' dir='ltr'>enim</span> <span class='ocrx_word' id='word_1_87' title='bbox 623 1103 631 1129; x_wconf 92' lang='lat'>:</span> <span class='ocrx_word' id='word_1_88' title='bbox 656 1106 671 1127; x_wconf 74' lang='grc' dir='ltr'><strong><em>ι</em></strong></span> <span class='ocrx_word' id='word_1_89' title='bbox 691 1088 804 1139; x_wconf 89' lang='lat' dir='ltr'>Quid</span> <span class='ocrx_word' id='word_1_90' title='bbox 827 1103 894 1128; x_wconf 85' lang='lat' dir='ltr'>me</span> <span class='ocrx_word' id='word_1_91' title='bbox 926 1086 1080 1129; x_wconf 71' lang='lat' dir='ltr'>caedisi’</span> <span class='ocrx_word' id='word_1_92' title='bbox 1098 1107 1112 1125; x_wconf 75' lang='grc' dir='ltr'>ι»</span> <span class='ocrx_word' id='word_1_93' title='bbox 1135 1088 1208 1129; x_wconf 91' lang='lat' dir='ltr'>sed</span> <span class='ocrx_word' id='word_1_94' title='bbox 1233 1089 1390 1129; x_wconf 80' lang='lat' dir='ltr'>caedcm</span> 
     </span>
     <span class='ocr_line' id='line_1_13' title="bbox 48 1157 1389 1202; baseline -0.002 -1"><span class='ocrx_word' id='word_1_95' title='bbox 48 1160 184 1202; x_wconf 89' lang='lat' dir='ltr'>divina</span> <span class='ocrx_word' id='word_1_96' title='bbox 212 1168 358 1201; x_wconf 85' lang='lat' dir='ltr'>natura</span> <span class='ocrx_word' id='word_1_97' title='bbox 386 1175 470 1200; x_wconf 89' lang='lat' dir='ltr'>non</span> <span class='ocrx_word' id='word_1_98' title='bbox 493 1159 634 1200; x_wconf 87' lang='lat' dir='ltr'>sensit.</span> <span class='ocrx_word' id='word_1_99' title='bbox 661 1158 772 1199; x_wconf 84' lang='lat' dir='ltr'>Dixit</span> <span class='ocrx_word' id='word_1_100' title='bbox 793 1172 802 1198; x_wconf 73' lang='grc' dir='ltr'><strong><em>ε</em></strong></span> <span class='ocrx_word' id='word_1_101' title='bbox 829 1176 843 1195; x_wconf 77' lang='grc' dir='ltr'>α</span> <span class='ocrx_word' id='word_1_102' title='bbox 863 1158 1043 1199; x_wconf 80' lang='lat' dir='ltr'>Dorsum</span> <span class='ocrx_word' id='word_1_103' title='bbox 1062 1172 1203 1198; x_wconf 89' lang='lat' dir='ltr'>meum</span> <span class='ocrx_word' id='word_1_104' title='bbox 1227 1157 1324 1198; x_wconf 84' lang='lat' dir='ltr'>dedi</span> <span class='ocrx_word' id='word_1_105' title='bbox 1348 1158 1389 1198; x_wconf 91' lang='lat' dir='ltr'>in</span> 
     </span>
     <span class='ocr_line' id='line_1_14' title="bbox 0 1228 1391 1286; baseline -0.001 -17"><span class='ocrx_word' id='word_1_106' title='bbox 0 1247 1 1263; x_wconf 66' lang='lat'>1</span> <span class='ocrx_word' id='word_1_107' title='bbox 48 1228 264 1286; x_wconf 80' lang='lat' dir='ltr'>»flagella,</span> <span class='ocrx_word' id='word_1_108' title='bbox 307 1238 348 1270; x_wconf 85' lang='lat' dir='ltr'>et</span> <span class='ocrx_word' id='word_1_109' title='bbox 382 1229 568 1270; x_wconf 79' lang='lat' dir='ltr'>maxillas</span> <span class='ocrx_word' id='word_1_110' title='bbox 604 1244 716 1269; x_wconf 87' lang='lat' dir='ltr'>meas</span> <span class='ocrx_word' id='word_1_111' title='bbox 755 1228 793 1268; x_wconf 92' lang='lat' dir='ltr'>in</span> <span class='ocrx_word' id='word_1_112' title='bbox 829 1229 1015 1284; x_wconf 88' lang='lat' dir='ltr'>palmas:</span> <span class='ocrx_word' id='word_1_113' title='bbox 1053 1229 1214 1269; x_wconf 79' lang='lat' dir='ltr'>vultum</span> <span class='ocrx_word' id='word_1_114' title='bbox 1253 1236 1391 1269; x_wconf 82' lang='lat' dir='ltr'>autem</span> 
     </span>
     <span class='ocr_line' id='line_1_15' title="bbox 48 1295 1389 1353; baseline -0.001 -14"><span class='ocrx_word' id='word_1_115' title='bbox 48 1314 218 1340; x_wconf 78' lang='lat' dir='ltr'>»meum</span> <span class='ocrx_word' id='word_1_116' title='bbox 243 1314 324 1340; x_wconf 85' lang='lat' dir='ltr'>non</span> <span class='ocrx_word' id='word_1_117' title='bbox 350 1299 536 1340; x_wconf 75' lang='lat' dir='ltr'>converti</span> <span class='ocrx_word' id='word_1_118' title='bbox 565 1314 584 1339; x_wconf 90' lang='lat' dir='ltr'>a</span> <span class='ocrx_word' id='word_1_119' title='bbox 609 1297 852 1339; x_wconf 83' lang='lat' dir='ltr'>confusione</span> <span class='ocrx_word' id='word_1_120' title='bbox 878 1295 1135 1353; x_wconf 77' lang='lat' dir='ltr'>sp11torum³.</span> <span class='ocrx_word' id='word_1_121' title='bbox 1163 1314 1178 1335; x_wconf 65' lang='lat' dir='ltr'>r»</span> <span class='ocrx_word' id='word_1_122' title='bbox 1208 1297 1389 1337; x_wconf 87' lang='lat' dir='ltr'>Dorsum</span> 
     </span>
     <span class='ocr_line' id='line_1_16' title="bbox 50 1367 1393 1423; baseline -0.001 -13"><span class='ocrx_word' id='word_1_123' title='bbox 50 1369 151 1410; x_wconf 79' lang='lat' dir='ltr'>dixit</span> <span class='ocrx_word' id='word_1_124' title='bbox 181 1378 222 1410; x_wconf 89' lang='lat' dir='ltr'>et</span> <span class='ocrx_word' id='word_1_125' title='bbox 254 1369 438 1410; x_wconf 78' lang='lat' dir='ltr'>maxillas</span> <span class='ocrx_word' id='word_1_126' title='bbox 473 1377 513 1410; x_wconf 84' lang='lat' dir='ltr'>et</span> <span class='ocrx_word' id='word_1_127' title='bbox 550 1371 733 1417; x_wconf 86' lang='lat' dir='ltr'>vultum,</span> <span class='ocrx_word' id='word_1_128' title='bbox 763 1368 842 1409; x_wconf 87' lang='lat' dir='ltr'>hoc</span> <span class='ocrx_word' id='word_1_129' title='bbox 880 1377 964 1414; x_wconf 88' lang='lat' dir='ltr'>est,</span> <span class='ocrx_word' id='word_1_130' title='bbox 997 1367 1168 1408; x_wconf 89' lang='lat' dir='ltr'>humani</span> <span class='ocrx_word' id='word_1_131' title='bbox 1206 1367 1393 1423; x_wconf 81' lang='lat' dir='ltr'>eorporis</span> 
     </span>
     <span class='ocr_line' id='line_1_17' title="bbox 49 1437 1391 1496; baseline -0.001 -16"><span class='ocrx_word' id='word_1_132' title='bbox 49 1440 274 1496; x_wconf 83' lang='lat' dir='ltr'>portiones.</span> <span class='ocrx_word' id='word_1_133' title='bbox 304 1439 425 1489; x_wconf 86' lang='lat' dir='ltr'>Quod</span> <span class='ocrx_word' id='word_1_134' title='bbox 452 1439 562 1479; x_wconf 91' lang='lat' dir='ltr'>enim</span> <span class='ocrx_word' id='word_1_135' title='bbox 596 1454 692 1480; x_wconf 89' lang='lat' dir='ltr'>caro</span> <span class='ocrx_word' id='word_1_136' title='bbox 726 1437 847 1480; x_wconf 63' lang='lat' dir='ltr'>verbi</span> <span class='ocrx_word' id='word_1_137' title='bbox 870 1437 1105 1494; x_wconf 84' lang='lat' dir='ltr'>patiebatur</span> <span class='ocrx_word' id='word_1_138' title='bbox 1130 1438 1194 1478; x_wconf 76' lang='lat' dir='ltr'>vel</span> <span class='ocrx_word' id='word_1_139' title='bbox 1219 1452 1391 1479; x_wconf 81' lang='lat' dir='ltr'>manens</span> 
     </span>
     <span class='ocr_line' id='line_1_18' title="bbox 51 1507 1391 1566; baseline -0.001 -15"><span class='ocrx_word' id='word_1_140' title='bbox 51 1511 92 1551; x_wconf 89' lang='lat' dir='ltr'>in</span> <span class='ocrx_word' id='word_1_141' title='bbox 116 1524 264 1556; x_wconf 88' lang='lat' dir='ltr'>carne,</span> <span class='ocrx_word' id='word_1_142' title='bbox 290 1510 364 1551; x_wconf 86' lang='lat' dir='ltr'>Dei</span> <span class='ocrx_word' id='word_1_143' title='bbox 386 1509 569 1551; x_wconf 67' lang='lat' dir='ltr'>Verbum</span> <span class='ocrx_word' id='word_1_144' title='bbox 598 1509 833 1566; x_wconf 86' lang='lat' dir='ltr'>patiebatur</span> <span class='ocrx_word' id='word_1_145' title='bbox 868 1522 1014 1555; x_wconf 86' lang='lat' dir='ltr'>carne,</span> <span class='ocrx_word' id='word_1_146' title='bbox 1053 1507 1161 1549; x_wconf 87' lang='lat' dir='ltr'>sicut</span> <span class='ocrx_word' id='word_1_147' title='bbox 1190 1508 1391 1564; x_wconf 86' lang='lat' dir='ltr'>scriptum</span> 
     </span>
     <span class='ocr_line' id='line_1_19' title="bbox 51 1577 1395 1636; baseline -0.001 -16"><span class='ocrx_word' id='word_1_148' title='bbox 51 1589 141 1621; x_wconf 80' lang='lat' dir='ltr'>est:</span> <span class='ocrx_word' id='word_1_149' title='bbox 166 1597 181 1618; x_wconf 76' lang='grc' dir='ltr'><strong>α</strong></span> <span class='ocrx_word' id='word_1_150' title='bbox 201 1580 366 1621; x_wconf 83' lang='lat' dir='ltr'>Christo</span> <span class='ocrx_word' id='word_1_151' title='bbox 386 1580 425 1620; x_wconf 89' lang='lat' dir='ltr'>in</span> <span class='ocrx_word' id='word_1_152' title='bbox 450 1595 573 1620; x_wconf 85' lang='lat' dir='ltr'>earne</span> <span class='ocrx_word' id='word_1_153' title='bbox 600 1578 743 1636; x_wconf 66' lang='lat' dir='ltr'>passo⁶</span> <span class='ocrx_word' id='word_1_154' title='bbox 763 1595 773 1627; x_wconf 78' lang='lat'><em>3</em></span> <span class='ocrx_word' id='word_1_155' title='bbox 795 1598 810 1616; x_wconf 83' lang='lat'>»</span> <span class='ocrx_word' id='word_1_156' title='bbox 841 1579 881 1619; x_wconf 93' lang='lat' dir='ltr'>in</span> <span class='ocrx_word' id='word_1_157' title='bbox 909 1593 951 1619; x_wconf 85' lang='lat' dir='ltr'>se</span> <span class='ocrx_word' id='word_1_158' title='bbox 971 1577 1114 1633; x_wconf 89' lang='lat' dir='ltr'>utique</span> <span class='ocrx_word' id='word_1_159' title='bbox 1144 1593 1219 1634; x_wconf 93' lang='lat' dir='ltr'>pro</span> <span class='ocrx_word' id='word_1_160' title='bbox 1247 1593 1395 1635; x_wconf 64' lang='lat' dir='ltr'>corpe-</span> 
     </span>
     <span class='ocr_line' id='line_1_20' title="bbox 51 1647 1395 1708; baseline -0.003 -17"><span class='ocrx_word' id='word_1_161' title='bbox 51 1651 105 1692; x_wconf 88' lang='lat' dir='ltr'>ris</span> <span class='ocrx_word' id='word_1_162' title='bbox 126 1651 407 1708; x_wconf 84' lang='lat' dir='ltr'>assumptione</span> <span class='ocrx_word' id='word_1_163' title='bbox 425 1649 656 1698; x_wconf 80' lang='lat' dir='ltr'>referebat3</span> <span class='ocrx_word' id='word_1_164' title='bbox 682 1657 727 1690; x_wconf 90' lang='lat' dir='ltr'>ut</span> <span class='ocrx_word' id='word_1_165' title='bbox 748 1663 839 1704; x_wconf 86' lang='lat' dir='ltr'>quae</span> <span class='ocrx_word' id='word_1_166' title='bbox 866 1657 1005 1689; x_wconf 84' lang='lat' dir='ltr'>nostra</span> <span class='ocrx_word' id='word_1_167' title='bbox 1029 1655 1147 1695; x_wconf 81' lang='lat' dir='ltr'>sunt,</span> <span class='ocrx_word' id='word_1_168' title='bbox 1174 1647 1216 1688; x_wconf 90' lang='lat' dir='ltr'>in</span> <span class='ocrx_word' id='word_1_169' title='bbox 1239 1662 1281 1688; x_wconf 87' lang='lat' dir='ltr'>se</span> <span class='ocrx_word' id='word_1_170' title='bbox 1309 1648 1395 1704; x_wconf 62' lang='lat' dir='ltr'>ip=e</span> 
     </span>
     <span class='ocr_line' id='line_1_21' title="bbox 51 1719 1037 1778; baseline -0.003 -16"><span class='ocrx_word' id='word_1_171' title='bbox 51 1721 302 1778; x_wconf 85' lang='lat' dir='ltr'>susciperet,</span> <span class='ocrx_word' id='word_1_172' title='bbox 323 1730 364 1763; x_wconf 90' lang='lat' dir='ltr'>et</span> <span class='ocrx_word' id='word_1_173' title='bbox 387 1721 469 1762; x_wconf 84' lang='lat' dir='ltr'>suis</span> <span class='ocrx_word' id='word_1_174' title='bbox 491 1719 822 1762; x_wconf 83' lang='lat' dir='ltr'>circumvestiret</span> <span class='ocrx_word' id='word_1_175' title='bbox 841 1719 1037 1760; x_wconf 86' lang='lat' dir='ltr'>humana.</span> 
     </span>
    </p>

    <p class='ocr_par' dir='ltr' id='par_1_4' title="bbox 53 1791 1396 2063">
     <span class='ocr_line' id='line_1_22' title="bbox 110 1791 1394 1849; baseline -0.003 -15"><span class='ocrx_word' id='word_1_176' title='bbox 110 1792 233 1835; x_wconf 88' lang='lat' dir='ltr'><strong>XLV.</strong></span> <span class='ocrx_word' id='word_1_177' title='bbox 271 1794 404 1835; x_wconf 87' lang='lat' dir='ltr'>Recte</span> <span class='ocrx_word' id='word_1_178' title='bbox 435 1793 561 1849; x_wconf 82' lang='lat' dir='ltr'>igitur</span> <span class='ocrx_word' id='word_1_179' title='bbox 586 1791 820 1834; x_wconf 90' lang='lat' dir='ltr'>secundum</span> <span class='ocrx_word' id='word_1_180' title='bbox 851 1799 1044 1832; x_wconf 85' lang='lat' dir='ltr'>naturam</span> <span class='ocrx_word' id='word_1_181' title='bbox 1071 1805 1187 1831; x_wconf 87' lang='lat' dir='ltr'>suam</span> <span class='ocrx_word' id='word_1_182' title='bbox 1219 1798 1258 1831; x_wconf 84' lang='lat' dir='ltr'>et</span> <span class='ocrx_word' id='word_1_183' title='bbox 1297 1804 1394 1830; x_wconf 86' lang='lat' dir='ltr'>caro</span> 
     </span>
     <span class='ocr_line' id='line_1_23' title="bbox 53 1861 1395 1921; baseline -0.004 -15"><span class='ocrx_word' id='word_1_184' title='bbox 53 1879 170 1921; x_wconf 85' lang='lat' dir='ltr'>passa</span> <span class='ocrx_word' id='word_1_185' title='bbox 190 1872 276 1914; x_wconf 88' lang='lat' dir='ltr'>est,</span> <span class='ocrx_word' id='word_1_186' title='bbox 308 1879 386 1906; x_wconf 89' lang='lat' dir='ltr'>nee</span> <span class='ocrx_word' id='word_1_187' title='bbox 417 1879 463 1905; x_wconf 86' lang='lat' dir='ltr'>ea</span> <span class='ocrx_word' id='word_1_188' title='bbox 490 1864 677 1921; x_wconf 85' lang='lat' dir='ltr'>corporis</span> <span class='ocrx_word' id='word_1_189' title='bbox 698 1862 888 1921; x_wconf 84' lang='lat' dir='ltr'>passione</span> <span class='ocrx_word' id='word_1_190' title='bbox 918 1861 1044 1904; x_wconf 82' lang='lat' dir='ltr'>Verbi</span> <span class='ocrx_word' id='word_1_191' title='bbox 1069 1869 1216 1903; x_wconf 84' lang='lat' dir='ltr'>natura</span> <span class='ocrx_word' id='word_1_192' title='bbox 1237 1869 1395 1902; x_wconf 83' lang='lat' dir='ltr'>mutata</span> 
     </span>
     <span class='ocr_line' id='line_1_24' title="bbox 55 1931 1396 1983; baseline -0.002 -8"><span class='ocrx_word' id='word_1_193' title='bbox 55 1942 139 1983; x_wconf 79' lang='lat' dir='ltr'>est3</span> <span class='ocrx_word' id='word_1_194' title='bbox 162 1935 202 1976; x_wconf 91' lang='lat' dir='ltr'>in</span> <span class='ocrx_word' id='word_1_195' title='bbox 223 1934 394 1976; x_wconf 83' lang='lat' dir='ltr'>veritate</span> <span class='ocrx_word' id='word_1_196' title='bbox 417 1935 527 1976; x_wconf 90' lang='lat' dir='ltr'>enim</span> <span class='ocrx_word' id='word_1_197' title='bbox 548 1942 687 1976; x_wconf 89' lang='lat' dir='ltr'>nostra</span> <span class='ocrx_word' id='word_1_198' title='bbox 705 1943 767 1975; x_wconf 88' lang='lat' dir='ltr'>est</span> <span class='ocrx_word' id='word_1_199' title='bbox 788 1932 1039 1975; x_wconf 85' lang='lat' dir='ltr'>resurrectio</span> <span class='ocrx_word' id='word_1_200' title='bbox 1060 1964 1071 1981; x_wconf 91' lang='lat'>,</span> <span class='ocrx_word' id='word_1_201' title='bbox 1093 1936 1134 1973; x_wconf 79' lang='lat' dir='ltr'>et</span> <span class='ocrx_word' id='word_1_202' title='bbox 1158 1931 1250 1973; x_wconf 89' lang='lat' dir='ltr'>ideo</span> <span class='ocrx_word' id='word_1_203' title='bbox 1270 1931 1309 1972; x_wconf 90' lang='lat' dir='ltr'>in</span> <span class='ocrx_word' id='word_1_204' title='bbox 1328 1946 1396 1973; x_wconf 88' lang='lat' dir='ltr'>ve-</span> 
     </span>
     <span class='ocr_line' id='line_1_25' title="bbox 54 2005 794 2063; baseline 0 -17"><span class='ocrx_word' id='word_1_205' title='bbox 54 2005 175 2047; x_wconf 89' lang='lat' dir='ltr'>ritate</span> <span class='ocrx_word' id='word_1_206' title='bbox 199 2005 353 2048; x_wconf 87' lang='lat' dir='ltr'>Christi</span> <span class='ocrx_word' id='word_1_207' title='bbox 376 2007 509 2063; x_wconf 86' lang='lat' dir='ltr'>passio</span> <span class='ocrx_word' id='word_1_208' title='bbox 533 2005 794 2063; x_wconf 64' lang='lat' dir='ltr'>praedicatur.</span> 
     </span>
    </p>
   </div>
   <div class='ocr_carea' id='block_1_3' title="bbox 66 2097 1397 2142">
    <p class='ocr_par' dir='ltr' id='par_1_5' title="bbox 66 2097 1397 2142">
     <span class='ocr_line' id='line_1_26' title="bbox 66 2097 1397 2142; baseline 0 -13"><span class='ocrx_word' id='word_1_209' title='bbox 66 2140 72 2142; x_wconf 28' lang='lat'><em>⁷</em></span> <span class='ocrx_word' id='word_1_210' title='bbox 103 2108 110 2122; x_wconf 87' lang='lat'><em>¹</em></span> <span class='ocrx_word' id='word_1_211' title='bbox 131 2097 249 2131; x_wconf 78' lang='lat' dir='ltr'>Mauh.</span> <span class='ocrx_word' id='word_1_212' title='bbox 269 2108 332 2140; x_wconf 77' lang='lat' dir='ltr'>xiv,</span> <span class='ocrx_word' id='word_1_213' title='bbox 350 2109 389 2140; x_wconf 86' lang='lat'>29</span> <span class='ocrx_word' id='word_1_214' title='bbox 416 2117 454 2123; x_wconf 90' lang='lat'>—</span> <span class='ocrx_word' id='word_1_215' title='bbox 473 2108 484 2122; x_wconf 78' lang='lat'>²</span> <span class='ocrx_word' id='word_1_216' title='bbox 502 2098 595 2130; x_wconf 82' lang='lat' dir='ltr'>Joan.</span> <span class='ocrx_word' id='word_1_217' title='bbox 618 2109 707 2135; x_wconf 76' lang='lat' dir='ltr'>xvin,</span> <span class='ocrx_word' id='word_1_218' title='bbox 722 2097 771 2130; x_wconf 77' lang='lat'>25.</span> <span class='ocrx_word' id='word_1_219' title='bbox 787 2115 823 2122; x_wconf 88' lang='lat'>-</span> <span class='ocrx_word' id='word_1_220' title='bbox 843 2099 855 2121; x_wconf 82' lang='lat'>³</span> <span class='ocrx_word' id='word_1_221' title='bbox 873 2098 948 2131; x_wconf 75' lang='lat' dir='ltr'>lsai.</span> <span class='ocrx_word' id='word_1_222' title='bbox 970 2108 1000 2134; x_wconf 83' lang='lat'>1,</span> <span class='ocrx_word' id='word_1_223' title='bbox 1016 2097 1047 2129; x_wconf 88' lang='grc'>6.</span> <span class='ocrx_word' id='word_1_224' title='bbox 1075 2115 1113 2121; x_wconf 92' lang='grc'>-</span> <span class='ocrx_word' id='word_1_225' title='bbox 1134 2099 1146 2124; x_wconf 79' lang='lat'><em>⁴</em></span> <span class='ocrx_word' id='word_1_226' title='bbox 1170 2107 1179 2127; x_wconf 89' lang='lat'>1</span> <span class='ocrx_word' id='word_1_227' title='bbox 1199 2097 1284 2128; x_wconf 71' lang='lat' dir='ltr'>Petr.</span> <span class='ocrx_word' id='word_1_228' title='bbox 1304 2106 1345 2132; x_wconf 75' lang='lat' dir='ltr'>iv,</span> <span class='ocrx_word' id='word_1_229' title='bbox 1371 2106 1397 2129; x_wconf 81' lang='grc' dir='ltr'>ι.</span> 
     </span>
    </p>
   </div>
  </div>
 </body>
</html>
