1806 3256
391 278 446 320 66
937 292 969 319 s.
1006 289 1198 320 Amnnosn

443 368 528 412 LV.
564 369 616 410 Et
638 369 740 425 quid
757 368 909 410 mirum
927 368 959 410 si
978 384 1054 426 pro
1071 369 1267 410 omnibus
1290 368 1438 415 doluit,
1464 368 1535 424 qui
1558 382 1632 425 pro
1651 381 1735 410 uno

384 439 528 481 flevit?
565 438 679 490 Quid
708 439 862 480 mirum
895 438 927 479 si
966 439 1195 480 moriturus
1225 452 1301 494 pro
1329 437 1523 479 omnibus
1556 438 1732 485 medeam

385 510 456 566 qui
480 509 682 551 Lazarum
707 508 1031 550 resuscitaturus
1054 506 1318 563 illacrymat?
1342 506 1495 548 Verum
1515 515 1557 548 et
1581 507 1635 547 ibi
1658 507 1734 562 pioe

385 579 747 636 sororislacrymis
772 587 1086 627 commovetur3
1105 578 1201 633 quia
1226 585 1365 618 mente
1385 577 1563 618 humana
1590 586 1734 633 tange·

384 653 537 693 batur:
569 658 609 691 et
633 649 700 690 hie
728 650 812 690 alto
841 658 1040 705 operatur
1071 648 1248 696 affeetu3
1286 656 1332 689 ut
1363 649 1471 689 sicut
1499 663 1610 690 mors
1642 648 1733 705 ejus

383 729 565 762 mortem
600 719 797 768 abstulit,
835 719 942 761 livor
974 718 1065 775 ejus
1101 720 1243 760 ulcera
1269 727 1410 759 nostra
1447 717 1606 760 sanavit
1636 733 1646 760 :
1677 719 1733 760 ita

382 792 508 834 etiam
537 805 761 832 moerorem
780 799 971 831 nostrum
993 805 1151 831 moeror·
1171 789 1261 845 ejus
1285 789 1482 830 aboleret.

437 862 541 905 LVI.
582 863 634 904 [t
663 862 791 903 homo
820 876 919 918 ergo
949 861 1137 908 dubitat,
1168 868 1212 901 ut
1245 860 1371 901 homo
1404 859 1614 902 turbatur.
1640 859 1731 901 Non

379 934 576 975 turbatur
610 931 703 988 ejus
733 932 864 973 virtus
885 963 895 978 ,
926 946 1010 972 non
1049 931 1244 971 turbatur
1274 930 1364 985 ejus
1394 930 1627 972 Divinitas:
1658 930 1731 971 sed

378 1005 574 1045 turbatur
598 1003 734 1043 anima
755 1017 763 1042 z
790 1002 986 1043 turbatur
1008 1002 1243 1042 seeundum
1275 1001 1467 1041 humanm
1499 1000 1731 1057 fragilitatiS

377 1073 721 1129 assumptionem.
752 1071 804 1112 Et
825 1070 920 1111 ideo
945 1071 1040 1126 quia
1062 1071 1245 1126 suscepit
1263 1070 1469 1118 animam,
1490 1071 1672 1127 suscepit
1689 1080 1730 1113 et

376 1143 525 1184 auimae
548 1142 762 1199 passiones
788 1141 878 1196 (11)
899 1158 909 1188 ;
932 1156 1012 1181 uon
1036 1141 1145 1181 enim
1168 1142 1275 1181 Deus
1292 1155 1341 1180 οο
1363 1142 1475 1196 quod
1495 1141 1604 1181 Deus
1621 1150 1725 1190 erat,

376 1222 448 1255 aut
476 1212 638 1254 turbari
666 1220 737 1253 aut
760 1211 867 1252 mori
902 1210 1117 1268 potuis-et.
1152 1210 1369 1266 Denique,
1404 1229 1418 1249 a
1446 1211 1557 1252 Deus
1590 1212 1724 1260 Deus,

375 1302 389 1323 n
406 1282 564 1339 iuquit,
593 1297 736 1330 meus,
773 1297 901 1337 quare
925 1296 991 1321 me
1016 1280 1297 1336 dereliquisti³
1319 1280 1336 1321 P
1359 1299 1373 1318 n
1399 1282 1450 1322 [t
1479 1281 1604 1323 homo
1627 1296 1726 1338 ergo

374 1353 578 1409 loquitur,
597 1367 712 1393 meos
727 1352 1026 1393 circumferens
1049 1359 1209 1398 metus;
1238 1352 1353 1406 quod
1372 1352 1411 1392 in
1433 1352 1631 1408 perieulis
1656 1368 1726 1410 po-

373 1423 464 1471 siti,
485 1439 506 1464 a
529 1422 712 1463 Domino
737 1421 871 1462 deseri
891 1436 964 1462 nos
987 1429 1196 1477 putamus.
1226 1421 1278 1462 Ut
1300 1421 1427 1462 homo
1448 1421 1656 1471 turbatur,
1679 1432 1726 1464 ut

370 1494 500 1536 homo
517 1492 614 1540 sset,
638 1501 684 1534 ut
707 1493 834 1534 homo
858 1490 1130 1547 crucifigitur.

427 1562 551 1605 LVII.
591 1561 661 1604 Sic
677 1562 789 1603 enim
808 1569 849 1603 et
867 1562 1077 1618 apostolus
1094 1561 1248 1602 Paulus
1267 1561 1394 1602 dixit:
1413 1580 1426 1599 α
1448 1561 1556 1612 Quia
1570 1562 1723 1604 Christi

370 1646 572 1674 »carnem
597 1630 941 1672 crucifixerunt2.
964 1649 977 1668 n
1002 1631 1053 1672 Et
1078 1631 1175 1671 alibi
1207 1633 1419 1687 apostolus
1456 1632 1601 1673 Petrus
1634 1632 1718 1674 ait:

382 1720 397 1739 α
421 1700 588 1742 Christo
624 1715 746 1757 passo
779 1701 1014 1741 secundum
1054 1699 1270 1741 carnem³.
1305 1719 1320 1738 n
1355 1700 1461 1742 Caro
1503 1702 1628 1759 igitur
1660 1711 1722 1745 est

366 1787 506 1829 passa,
523 1770 725 1812 Divinitas
750 1779 888 1811 autem
912 1770 1058 1810 mortis
1080 1771 1211 1811 libera
1234 1785 1242 1810 :
1271 1770 1447 1826 passioni
1471 1786 1623 1829 corpus
1646 1788 1723 1813 na-

369 1851 473 1884 turae
491 1841 688 1883 humanae
709 1842 798 1897 lege
821 1840 1055 1887 conces-sim
1083 1856 1132 1881 an
1161 1855 1258 1882 vero
1288 1841 1394 1881 niori
1417 1841 1617 1883 Divinitas
1643 1858 1720 1900 po-

370 1920 472 1959 test,
499 1926 597 1953 cum
621 1910 758 1951 anima
785 1925 869 1950 non
894 1909 1051 1966 possit?
1074 1928 1087 1947 α
1111 1910 1272 1957 Nolite,
1294 1910 1450 1966 iuquit,
1477 1911 1623 1953 timere
1649 1927 1719 1954 eos

369 1982 470 2039 »qui
507 1996 660 2038 eorpus
682 1976 869 2037 possunt
903 1980 1120 2028 occidere,
1146 1981 1327 2022 animam
1352 1990 1490 2023 autem
1517 1997 1597 2023 uon
1621 1998 1718 2038 pos-

368 2050 542 2094 »sunt⁴.
570 2069 584 2089 n
609 2050 652 2092 Si
683 2065 781 2107 ergo
815 2050 950 2091 anima
973 2049 1110 2091 occidi
1129 2065 1212 2091 non
1232 2058 1390 2107 potest,
1418 2053 1629 2107 quomodo
1652 2052 1718 2094 Di-

366 2123 516 2165 vinitas
538 2120 708 2178 potest?

424 2191 565 2234 LVltl.
605 2190 724 2231 Unde
746 2190 848 2231 illud
871 2189 983 2246 quod
1006 2191 1162 2231 lectum
1189 2199 1276 2238 est,
1299 2191 1528 2233 Dominum
1562 2191 1715 2249 majes-

365 2261 461 2303 tatis
484 2258 734 2301 crucifixum
766 2275 878 2307 esse,
911 2274 995 2300 non
1019 2258 1135 2314 quasi
1167 2258 1208 2299 in
1235 2258 1452 2315 majestate
1479 2277 1553 2303 sua
1575 2263 1713 2303 cruci-

362 2329 492 2372 fixum
517 2329 739 2386 putemus⁰
765 2345 774 2370 ε
803 2330 875 2370 sed
909 2329 1004 2385 quia
1035 2328 1145 2369 idem
1183 2328 1293 2370 Deus
1321 2329 1430 2371 idem
1458 2332 1611 2381 homo,
1638 2348 1714 2390 per

362 2401 634 2444 Divinitatem
660 2401 794 2447 Deus,
831 2415 905 2456 per
926 2400 1237 2455 susceptionem
1271 2402 1406 2442 carnis
1433 2401 1560 2444 homo
1590 2403 1713 2446 Jesus

367 2470 582 2519 Christus,
606 2470 813 2512 Dominus
846 2469 1076 2526 majestatis
1115 2469 1270 2511 dicitur
1313 2471 1573 2524 crucifixus;
1618 2474 1716 2531 quia

409 2582 418 2596 ¹
440 2573 523 2605 Psai.
538 2584 604 2610 xxi,
625 2584 652 2604 2.
668 2591 708 2597 —-
726 2582 738 2597 ⁸
758 2573 862 2606 Galat.
882 2584 913 2612 v,
930 2573 981 2611 24.
1000 2590 1039 2597 -
1058 2574 1071 2595 ³
1095 2583 1103 2604 ι
1124 2571 1213 2606 Petr.
1233 2584 1276 2613 iv,
1300 2585 1327 2607 1.
1344 2577 1409 2602 —4
1430 2577 1549 2611 Matth.
1566 2589 1600 2618 x,
1616 2578 1713 2611 28.—

362 2631 377 2654 ὁ
400 2639 412 2659 ι
427 2628 504 2660 Cor.
521 2638 556 2663 11,
571 2627 602 2661 8.

1803 1027 1806 1102 1³
