1768 3283
352 306 430 345 312
888 320 916 345 s.
959 318 1148 346 AMBnosll

349 394 524 444 recedit,
539 395 741 452 autquasi
760 410 912 452 corpus
933 411 953 437 a
968 410 1142 451 corpore
1161 407 1377 452 separatur
1403 411 1412 437 ε
1438 411 1575 452 neque
1598 409 1695 438 cum

351 465 394 506 in
415 465 536 507 Patre
559 474 621 507 est
637 498 646 513 ‚
664 466 781 522 quasi
803 465 844 507 in
866 479 1042 523 corpore
1060 473 1258 521 tanquam
1277 480 1429 522 corpus
1447 465 1691 508 includitur.

351 534 530 591 Spiritus
561 550 729 592 quoque
761 544 931 578 sanctus
966 550 1062 577 cum
1093 535 1284 592 procedit
1311 552 1331 577 a
1357 536 1478 578 Patre
1506 536 1696 584 etFilio,

355 619 440 645 non
482 613 699 660 separatur
724 619 744 646 a
766 604 909 654 Patre,
942 620 1026 646 non
1063 614 1279 662 separatur
1299 621 1319 647 a
1337 605 1456 647 Filio.
1481 605 1699 656 Quemad-

352 673 526 716 modum
559 673 672 714 enim
700 674 880 730 separari
904 683 1039 731 potest
1071 690 1090 716 a
1127 675 1267 723 Patre,
1301 674 1371 731 qui
1404 674 1582 731 Spiritus
1617 675 1700 716 oris

355 742 445 798 ejus
469 743 586 784 est¹P
619 744 746 795 Quod
772 744 917 801 utique
938 753 979 786 et
1000 745 1241 787 aeternitatis
1272 745 1473 786 indicium
1490 776 1500 793 ‚
1526 753 1567 786 et
1588 744 1701 786 Divi·

353 814 493 856 nitatis
515 815 709 872 exprimit
727 816 943 858 unitatem.

411 884 559 928 CXVI.
597 886 670 927 Est
685 902 783 944 ergo
801 895 842 929 et
860 895 1002 928 manet
1019 901 1198 944 semper,
1225 887 1295 943 qui
1313 886 1395 928 oris
1412 894 1474 928 est
1494 884 1699 942 Spiritus:

354 955 428 996 sed
445 956 700 997 descendere
718 957 897 1005 videtur,
925 972 1022 998 cum
1047 957 1163 999 illum
1190 957 1439 1013 recipimus,
1471 964 1518 997 ut
1544 955 1705 997 habitet
1765 952 1768 995 Ϊ

355 1027 396 1068 in
420 1026 563 1073 nobis;
591 1042 643 1068 ne
666 1042 740 1069 nos
764 1028 893 1070 simus
911 1044 930 1070 a
955 1030 1084 1085 gratia
1108 1029 1197 1085 ejus
1216 1028 1352 1071 alieni.
1381 1029 1509 1071 Nobis
1535 1030 1706 1070 descen-

359 1095 458 1137 dere
476 1097 641 1138 videtur
663 1112 747 1139 non
773 1099 886 1154 quod
907 1098 975 1140 ille
994 1099 1244 1148 descendat,
1269 1100 1342 1140 sed
1366 1100 1477 1154 quod
1505 1100 1555 1140 ad
1587 1099 1704 1140 illum

358 1168 519 1210 animus
558 1178 702 1211 noster
732 1171 943 1212 ascendat.
975 1170 1036 1212 De
1059 1185 1140 1226 quo
1171 1169 1332 1226 plenius
1347 1169 1602 1216 diceremus,
1630 1167 1707 1210 nisi

355 1238 691 1281 meminissemus
713 1240 754 1281 in
776 1240 891 1281 libris
919 1240 1005 1296 jam
1030 1239 1339 1297 superioribus²
1373 1240 1558 1296 positum
1593 1239 1708 1295 quod

355 1317 397 1350 et
418 1309 539 1351 Pater
563 1309 711 1352 dixerit
733 1325 741 1351 :
769 1328 785 1347 ιι
806 1310 1118 1352 Descendamus
1145 1320 1187 1352 et
1214 1309 1523 1352 confundamus
1547 1309 1707 1365 linguas

358 1396 374 1416 ι)
389 1394 535 1420 eorum
550 1379 561 1400 ³
581 1396 593 1428 ;
613 1398 629 1419 ι
652 1388 693 1421 et
709 1376 838 1422 Filius
862 1377 1034 1422 dixerit:
1061 1380 1177 1431 «Qui
1203 1380 1335 1437 diligit
1357 1394 1450 1428 me,
1470 1392 1709 1420 sermonem

358 1464 527 1490 »meum
551 1450 757 1498 servabit,
779 1460 820 1492 et
843 1451 964 1492 Pater
987 1465 1106 1492 meus
1136 1450 1280 1506 diliget
1307 1465 1403 1491 eum
1430 1464 1439 1490 ε
1464 1456 1506 1490 ct
1533 1449 1584 1489 ad
1610 1461 1708 1488 eum

359 1520 602 1562 »veniemus
617 1553 626 1567 ,
647 1530 690 1562 et
715 1521 977 1563 mansionem
1003 1522 1111 1578 apud
1130 1536 1226 1562 eum
1248 1519 1492 1574 faciem-us&
1518 1537 1534 1557 n

419 1590 586 1634 CXVII.
625 1591 695 1634 Sic
717 1592 842 1649 igitur
860 1592 972 1634 venit
989 1592 1167 1648 Spiritus
1182 1623 1193 1639 ,
1213 1591 1575 1647 quemadmodum
1599 1588 1711 1630 venit

358 1661 508 1709 Pater3
535 1661 632 1717 quia
655 1662 726 1704 ubi
749 1662 870 1704 Pater
893 1671 976 1710 est,
1002 1661 1059 1703 ibi
1076 1670 1139 1703 est
1168 1670 1209 1703 et
1234 1661 1363 1703 Filius
1384 1676 1394 1702 z
1420 1669 1461 1702 et
1482 1660 1553 1701 ubi
1581 1659 1710 1700 Filius

358 1740 444 1778 est.
479 1731 535 1773 ibi
565 1741 627 1774 est
655 1731 833 1789 Spiritus
868 1740 1051 1773 sanctus.
1091 1731 1185 1773 Non
1217 1746 1317 1786 ergo
1349 1730 1531 1772 discrete
1570 1728 1712 1770 venire

356 1803 626 1844 :estimandus
642 1811 704 1844 est
731 1802 909 1859 Spiritus
932 1811 1112 1845 sanctus.
1137 1801 1259 1844 Venit
1278 1809 1417 1843 autem
1440 1815 1524 1842 non
1548 1800 1710 1841 deloco

361 1875 412 1914 ad
452 1874 617 1921 locum,
656 1875 728 1914 sed
764 1889 786 1915 a
818 1873 1087 1930 dispositione
1119 1871 1432 1914 constitutionis
1456 1871 1507 1912 ad
1533 1870 1711 1911 salutem

361 1942 678 2000 redemptionis,
695 1957 713 1983 a
733 1943 863 1999 gratia
887 1942 1177 1984 vivificationis
1202 1944 1251 1983 ad
1273 1941 1448 1998 gratiam
1471 1938 1711 1982 sanctifica-

361 2011 508 2061 tionis3
534 2021 578 2054 ut
601 2013 654 2054 de
677 2013 797 2054 terris
825 2015 876 2054 ad
902 2014 1077 2062 coelum,
1099 2014 1150 2054 de
1173 2011 1325 2068 injuria
1356 2011 1408 2052 ad
1436 2010 1611 2068 gloriam
1628 2041 1639 2058 ,
1659 2009 1711 2052 de
1766 2043 1768 2047 «

361 2083 528 2125 servitio
553 2085 603 2125 ad
624 2099 799 2140 regnum
826 2085 1059 2125 transferat.

420 2152 611 2194 CXVIII.
649 2153 719 2195 Sic
740 2168 838 2210 ergo
857 2154 969 2194 venit
993 2152 1171 2209 Spiritus
1186 2184 1196 2200 ,
1221 2151 1579 2208 quemadmodum
1599 2149 1713 2191 venit

358 2223 493 2266 Pater.
526 2224 638 2266 Dixit
682 2225 793 2266 enim
823 2224 981 2266 Filius:
1014 2225 1101 2280 Ego
1130 2232 1172 2265 et
1203 2223 1327 2264 Pater
1351 2221 1634 2269 «Veniemus,
1672 2228 1714 2262 et
1766 2253 1768 2261 Α

360 2297 651 2336 »mansionem
673 2296 785 2352 apud
808 2310 903 2336 eum
928 2295 1143 2335 faciemus.
1166 2313 1180 2331 ι)
1205 2292 1420 2348 Numquid
1437 2291 1715 2348 corporaliter
1766 2326 1768 2355 2

361 2365 482 2406 Pater
505 2364 646 2405 venit?
670 2364 737 2406 Sic
760 2379 858 2421 ergo
880 2372 921 2405 et
941 2364 1119 2420 Spiritus
1138 2362 1271 2411 venit,
1293 2362 1334 2403 in
1358 2376 1440 2418 quo
1459 2376 1555 2402 cum
1583 2361 1709 2408 venit,
1766 2359 1768 2386 f

362 2442 403 2475 et
426 2434 556 2475 Patris
579 2444 620 2476 et
645 2434 740 2476 Filii
762 2436 882 2491 plena
909 2433 1126 2491 praesentia
1149 2441 1224 2474 cst.

422 2504 577 2547 CXIX.
616 2505 720 2556 Quis
756 2514 896 2546 autem
932 2513 1067 2561 potest
1096 2519 1117 2546 a
1143 2505 1264 2546 Patre
1294 2511 1337 2546 et
1366 2497 1474 2544 Filio
1509 2501 1711 2559 Spiritum
1766 2519 1768 2543 2

410 2616 418 2629 ¹
442 2607 512 2640 Psal
542 2619 645 2647 mxu,
659 2608 688 2639 6.
707 2627 745 2632 --
766 2616 775 2630 ²
799 2608 869 2640 Lib.
890 2619 906 2637 v
925 2608 963 2640 de
981 2608 1072 2646 Fide,
1088 2617 1155 2650 cap.
1177 2618 1209 2649 7.
1226 2624 1265 2630 -
1285 2607 1297 2630 ³
1315 2605 1399 2639 Gen.
1417 2616 1461 2642 ιι,
1478 2616 1505 2647 7.
1525 2622 1566 2629 —
1585 2604 1595 2629 ⁴
1613 2603 1713 2635 Joan.

365 2673 429 2699 xm,
454 2675 503 2693 ιω.
