1768 3283
395 301 445 328 DE
478 299 637 327 SPIRITU
673 298 850 332 sithTo,
886 298 964 326 L113.
1006 298 1032 326 1.
1311 284 1391 328 283

50 378 132 422 fide
157 386 295 421 autem
319 392 397 419 nec
420 378 585 418 Putrem
603 409 612 423 ,
648 392 724 417 nec
751 376 904 417 Filium
921 408 931 424 ,
955 390 1035 417 nec
1059 374 1261 433 Spiritum
1283 391 1398 418 sanc·

50 459 137 493 tum
166 450 368 507 abneges,
400 449 571 505 plenum
598 454 660 487 est
682 446 779 487 fidei
805 455 1116 488 sacramentum
1145 461 1154 487 ε
1182 445 1236 488 ita
1270 446 1396 490 etiam

51 518 238 575 quamvis
265 527 307 559 et
332 519 498 560 Patrem
537 525 577 558 et
602 515 755 558 Filium
791 524 832 557 et
864 515 1066 572 Spiritum
1090 515 1203 557 dicas
1221 548 1231 564 ‚
1263 523 1305 557 et
1327 523 1398 559 aut

50 589 204 636 Patris,
238 596 309 630 aut
338 588 451 634 Filii,
479 594 549 628 aut
575 586 752 643 Spiritus
779 585 910 628 sancti
934 585 1096 638 minuas
1119 594 1398 643 potestatem,

55 674 234 701 vacuum
256 666 315 699 est
335 672 457 699 omne
473 658 732 713 mysterium.
757 656 947 715 Denique
969 664 1010 697 et
1030 655 1086 697 illi
1105 656 1180 713 ipsi
1199 655 1271 712 qui
1289 655 1403 697 dixe-

56 738 149 771 rant
171 729 310 771 :«Nec
340 729 371 770 si
406 727 584 783 Spiritus
616 736 784 768 sanctus
819 727 871 768 sit
906 726 1167 773 audivimus,
1203 726 1403 783 baptizati

54 808 178 841 nsunt
219 807 360 855 postea
390 797 431 837 in
459 797 629 837 nomine
662 796 829 837 Domini
864 797 962 837 Jesu
993 796 1190 838 Christi¹.
1212 796 1293 838 »Et
1322 797 1402 839 hoc

53 869 280 911 abundavit
297 869 349 909 ad
369 867 568 924 gratiam;
591 866 684 922 quia
705 866 787 922 jam
807 866 1010 923 Spiritum
1029 876 1220 908 sanctum
1237 899 1248 916 ,
1273 867 1402 911 Paulo

54 939 331 996 praedicante,
358 946 655 993 cognoverant.

111 1006 310 1050 XXXVI.
349 1007 434 1048 Nec
467 1006 726 1047 contrarium
752 1006 879 1047 debet
907 1005 1067 1053 videri,
1092 1006 1188 1062 quia
1218 1006 1404 1064 quamvis

53 1078 177 1119 etiam
202 1086 343 1134 postea
368 1075 542 1118 tacitum
567 1076 618 1117 sit
636 1077 686 1117 de
705 1075 861 1132 Spiritu
876 1108 885 1124 ,
907 1084 1047 1118 tamen
1080 1078 1286 1118 creditum
1307 1086 1368 1119 est
1391 1076 1402 1118 Ξ

55 1155 97 1188 et
121 1149 233 1204 quod
267 1148 394 1187 verbo
421 1147 597 1187 tacitum
624 1146 779 1192 suerat,
805 1160 1047 1202 expressum
1075 1155 1137 1188 est
1166 1146 1262 1189 fide.
1297 1147 1404 1189 Cum

56 1216 165 1257 enim
193 1216 347 1257 dicitur
372 1216 473 1256 :aln
505 1215 674 1256 nomine
707 1215 874 1255 Domini
897 1216 1028 1256 nostri
1051 1215 1152 1262 Jesu
1183 1216 1394 1266 Christi‚»

55 1299 131 1342 per
166 1285 368 1326 unitatem
403 1285 587 1325 nominis
627 1284 845 1341 impletum
878 1284 1127 1340 mysterium
1164 1293 1226 1326 est
1250 1300 1259 1326 :
1280 1299 1359 1326 nec
1385 1300 1406 1327 a

57 1354 212 1395 Christi
253 1354 506 1411 baptismate
541 1354 720 1411 Spiritus
756 1363 994 1410 separatum
1029 1356 1122 1411 quia
1150 1356 1329 1397 Joannes
1365 1356 1408 1397 in

57 1425 300 1481 poenitentia
324 1425 575 1480 baptizavit,
598 1423 787 1465 Christus
813 1425 853 1464 in
878 1424 1050 1481 Spiritu,

117 1493 335 1536 XXXVII.
374 1494 494 1536 Nunc
528 1494 843 1535 consideremus
874 1502 1014 1534 utrum
1048 1493 1407 1549 quemadmodum

60 1564 100 1605 in
123 1563 277 1605 Christi
300 1564 469 1605 nomine
490 1565 664 1621 plenum
683 1579 772 1605 esse
792 1564 969 1620 legimus
993 1563 1254 1620 baptismatis
1277 1579 1413 1606 sacra-

59 1642 273 1680 mentum;
319 1634 372 1674 ita
403 1635 529 1675 etiam
569 1642 714 1675 sancto
749 1641 911 1675 tantum
943 1633 1101 1690 Spiritu
1134 1642 1406 1691 nuncupato,

59 1703 164 1744 nihil
182 1703 287 1745 desit
305 1705 558 1761 admysterii
581 1704 899 1760 plenitudinem.
918 1703 1138 1745 Rationem
1156 1718 1408 1758 sequ-amum

59 1773 156 1828 quia
179 1773 247 1828 qui
280 1788 408 1812 unum
436 1773 609 1819 dixerit,
634 1773 882 1815 Trinitatem
912 1772 1098 1828 signavit.
1129 1773 1171 1814 Si
1195 1773 1410 1815 Christum

63 1842 172 1884 dicas
188 1875 198 1891 ,
223 1850 263 1883 et
283 1842 417 1883 Deum
440 1843 605 1884 Patrem
626 1858 646 1884 a
670 1858 752 1899 quo
783 1851 933 1883 unctus
951 1851 1013 1883 est
1034 1843 1184 1890 Filius,
1209 1852 1250 1884 et
1275 1843 1410 1900 ipsum

62 1912 131 1967 qui
149 1921 302 1954 unctus
324 1921 408 1958 est,
434 1913 613 1960 Filium,
642 1922 683 1954 et
709 1913 912 1969 Spiritum
938 1920 1129 1953 sanctum
1153 1927 1236 1968 quo
1260 1921 1410 1954 unctus

63 1992 147 2031 est,
181 1983 416 2040 designasti.
447 1983 658 2039 Scriptum
679 1993 740 2024 est
763 1985 874 2024 euiin
902 1999 944 2024 :a
963 1984 1085 2024 Hunc
1105 1983 1254 2024 Jesum
1279 1999 1300 2024 a
1326 1983 1411 2026 Na-

63 2053 260 2099 »zareth,
288 2068 412 2107 quein
438 2053 552 2092 unxit
575 2053 686 2093 Dms
709 2052 864 2109 Spiritu
884 2052 1065 2093 sanct02.
1085 2072 1096 2090 n
1114 2053 1164 2093 Et
1188 2052 1219 2093 si
1244 2053 1412 2095 Patrem

64 2122 192 2166 dicas,
212 2130 252 2162 et
269 2122 420 2162 Filium
439 2122 578 2176 cjuset
595 2121 794 2178 Spiritum
815 2123 897 2163 oris
916 2122 1006 2178 ejus
1025 2122 1179 2178 pariter
1193 2122 1411 2172 indicasti;

64 2191 96 2232 si
130 2200 268 2233 tamen
302 2193 343 2232 id
375 2192 498 2232 etiam
534 2194 660 2233 corde
684 2192 1033 2248 comprehendas.
1064 2193 1114 2234 Et
1145 2193 1178 2232 si
1210 2192 1413 2248 Spiritum

65 2263 194 2311 dicas,
214 2270 256 2304 et
271 2262 406 2303 Deum
423 2258 607 2308 Patrem,
623 2278 642 2303 a
659 2278 738 2318 quo
758 2263 950 2319 procedit
970 2263 1147 2318 Spiritus
1165 2278 1172 2303 :
1190 2270 1228 2303 et
1243 2263 1413 2313 Filium,

65 2332 160 2388 quia
181 2332 273 2373 Filii
298 2347 465 2388 quoque
490 2341 552 2373 est
573 2332 773 2388 Spiritus,
807 2333 1072 2387 nuncupasti.

122 2401 363 2443 XXXVIII,
404 2403 522 2443 [nde
556 2411 601 2443 ut
632 2403 784 2443 rationi
821 2403 1042 2458 copuletur
1080 2402 1334 2451 auctoritas,
1376 2403 1417 2445 in

68 2470 224 2528 Spiritu
250 2487 417 2527 quoqne
456 2481 568 2513 recte
592 2487 666 2513 nos
690 2472 889 2527 baptizari
918 2486 1037 2526 posse
1065 2471 1281 2527 Scriptura
1308 2472 1419 2514 indi-

68 2549 150 2589 cat,
171 2540 336 2583 dicente
353 2542 533 2583 Domino
557 2557 565 2582 :
584 2541 694 2583 «Vos
710 2550 848 2583 autem
865 2541 1182 2596 baptizabimini
1203 2541 1240 2582 iu
1262 2541 1420 2599 Spiritu

112 2642 116 2652 ¹
147 2633 217 2663 Avi.
245 2644 305 2665 xix,
326 2633 358 2670 4,
375 2634 402 2663 5.
425 2651 463 2656 -
482 2640 490 2652 ²
514 2633 562 2664 ld.
583 2645 616 2671 x,
635 2634 684 2664 38⁴
