1768 3283
348 262 431 310 514
944 271 1080 298 1xD12x.

386 352 526 390 plantor,
545 354 573 381 a!
589 350 645 389 qui
662 349 756 390 rigae,
777 358 872 377 unum
887 354 970 377 sane.
988 348 1109 385 Quibus
1132 345 1304 386 explicatis,
1321 355 1383 386 quo
1401 351 1491 386 pacto
1510 345 1603 377 Pater

382 405 413 436 in
429 405 522 439 Filio,
537 409 569 435 et
581 404 680 435 Filius
699 403 729 432 in
751 402 859 438 Patre,
880 412 935 432 nec
953 413 1014 431 non
1035 402 1063 431 iu
1085 406 1219 441 utroque
1236 398 1342 430 fideles
1359 409 1426 430 esse
1439 399 1600 439 dicantur,

380 458 534 500 aperitur.
1628 455 1687 493 146

342 512 450 544 Gnur
476 510 536 542 lV.
556 510 728 551 objectum
745 508 784 539 ab
802 508 959 539 haereticis
977 508 1078 538 locum
1096 506 1183 537 illum
1202 517 1209 537 z
1229 505 1300 536 Non
1315 512 1416 547 potest
1441 507 1538 538 Filius
1553 507 1603 549 fit-

383 576 451 596 cere
475 576 493 595 a
514 575 545 596 se
567 564 757 604 quidquam,
790 567 850 592 etc.
868 563 970 603 primo
999 573 1014 591 e
1043 559 1305 601 subsequentibus
1330 560 1435 591 verbis
1451 562 1604 602 exponit:

382 619 498 661 deinde
514 618 651 659 singulas
677 617 791 657 integri
810 621 916 647 textus
943 625 1034 646 voces
1050 615 1244 656 expendens,
1274 624 1324 645 eas
1343 614 1476 645 Arriana
1500 615 1604 646 inter-

379 672 558 716 pretatione
582 670 661 702 sumi
680 671 747 701 sine
763 669 928 710 impietate
953 673 1006 700 aut
1022 667 1216 699 absurditate
1245 668 1487 710 haudquaquam
1515 679 1605 710 posse

381 726 576 767 potissimum
599 724 768 755 creationis
797 722 904 753 mundi
934 727 965 753 et
999 720 1207 763 quorumdam
1233 721 1355 752 Christi
1382 722 1604 754 miraculorum

380 780 531 822 exemplis
546 778 648 810 docet.
1630 776 1688 818 ¹49

341 834 446 866 CArur
470 833 506 863 V.
534 833 682 873 Coeptam
699 830 816 870 objecti
844 830 905 860 loci
923 828 1154 870 expositionem
1173 839 1298 870 urgenS,
1315 829 1455 860 rationes
1468 835 1607 872 quatuor

379 885 495 927 quibus
513 883 634 924 aliquid
654 881 721 913 fieri
742 892 805 912 non
824 891 913 922 posse
930 880 1125 911 affirmamus
1143 880 1289 922 explicat.
1310 886 1340 912 et
1365 891 1474 911 earum
1492 881 1609 923 primas

381 944 443 970 tres
470 939 500 967 in
529 937 695 967 Christum
716 945 778 965 nou
796 935 923 970 cadere,
943 934 1055 965 solutis
1073 934 1260 975 quibusdam
1278 934 1534 974 objectiunculis,
1555 936 1609 966 de-

384 997 561 1028 monstram
587 996 617 1022 et
648 989 763 1020 Filium
792 994 925 1030 propter
951 988 1051 1019 solam
1071 988 1237 1029 potestatis
1253 999 1322 1019 cuni
1343 989 1434 1020 Patre
1455 989 1609 1021 unitatem

378 1046 458 1078 nihil
474 1056 489 1075 a
507 1043 654 1074 sefacere
673 1052 760 1083 posse
781 1042 922 1072 deducit.
1635 1044 1693 1073 ι52

341 1102 451 1132 Cum-r
469 1097 527 1128 Vl.
547 1095 678 1127 Accedit
694 1095 732 1125 ad
751 1100 899 1136 quartam
914 1106 929 1123 c
949 1093 1126 1124 rationibus
1139 1104 1231 1135 supra
1248 1094 1429 1124 memoratis
1445 1099 1477 1126 et
1492 1094 1608 1126 Filium

383 1153 462 1185 nihil
484 1151 585 1182 facere
603 1148 692 1191 quod
718 1159 781 1180 non
799 1149 955 1189 probetur
976 1158 992 1178 a
1011 1149 1120 1184 Patre,
1137 1158 1208 1178 cum
1222 1148 1262 1180 sit
1279 1154 1443 1186 utriusque
1470 1149 1610 1190 perfecta

378 1204 551 1238 voluntatis
568 1209 667 1244 atque
696 1202 862 1244 potestatis
893 1202 997 1234 unitas
1012 1224 1021 1239 ,
1047 1201 1169 1244 liquido
1185 1202 1334 1244 probans,
1363 1203 1533 1235 nonnullas
1549 1202 1630 1235 disfi-

375 1261 510 1292 cultates
526 1257 667 1289 subinde
682 1256 765 1288 tollit
1639 1259 1696 1300 ¹57

346 1315 457 1347 Carum
476 1312 552 1343 Vll.
573 1311 742 1352 Proposita
760 1309 905 1342 doctrina
923 1310 998 1342 hinc
1023 1309 1243 1347 confirmatur,
1267 1310 1352 1352 quod
1379 1311 1479 1342 Filius
1493 1311 1532 1344 sit
1550 1310 1613 1344 Pa-

382 1368 438 1400 tris
464 1366 622 1403 Verbum,
641 1374 705 1395 non
729 1365 823 1406 quale
840 1366 996 1402 nostrum,
1014 1364 1069 1397 sed
1087 1365 1192 1397 vivum
1207 1371 1237 1397 et
1254 1366 1490 1408 operatorium
1518 1373 1612 1410 atque

379 1422 458 1453 adeo
472 1431 536 1451 non
571 1420 671 1461 possit
693 1419 799 1459 negari
819 1418 959 1460 ejusdem
976 1429 1046 1450 cum
1072 1419 1168 1451 Patre
1193 1420 1376 1458 voluntatis,
1395 1421 1562 1462 potestatis
1579 1432 1615 1453 ac

382 1474 582 1507 substantiae.
1633 1476 1691 1518 159

340 1532 453 1563 CArur
469 1527 554 1561 Vlll
565 1549 574 1559 .
593 1526 830 1558 Haereticorum
847 1525 1074 1568 objectionem,
1088 1537 1149 1570 qua
1166 1527 1284 1559 Filium
1299 1528 1386 1571 quod
1408 1529 1504 1561 alium
1519 1540 1616 1571 geue-

380 1593 452 1616 rare
465 1593 529 1614 non
552 1580 665 1623 possit,
686 1580 774 1612 Patri
798 1581 960 1622 negabant
984 1592 1048 1614 esse
1062 1583 1226 1625 aequalem.
1242 1583 1346 1625 primo
1361 1584 1392 1614 in
1416 1585 1612 1617 adversarios

381 1640 465 1682 ipsos
480 1640 667 1678 retorquet:
695 1634 810 1666 deinde
829 1635 994 1667 hominum
1019 1637 1159 1669 ostendit
1173 1638 1325 1680 exemplis
1349 1638 1434 1680 quod
1457 1639 1615 1682 quispiam

383 1696 513 1735 generet
530 1695 584 1721 aut
601 1697 689 1720 secus
705 1688 744 1719 ad
760 1690 938 1730 potentiam
956 1700 1020 1721 non
1044 1693 1225 1733 pertinei·e;
1245 1691 1381 1723 maxime
1408 1703 1481 1724 cum
1497 1695 1614 1738 alioqui

347 1766 365 1792 {t
392 1748 526 1790 ipsemet
548 1744 644 1776 Pater
659 1742 762 1774 minus
783 1747 896 1784 potens
924 1744 1079 1775 dicendus
1103 1750 1193 1776 esset.
1216 1745 1298 1776 lude
1319 1746 1439 1787 colligit
1453 1747 1560 1780 divina
1578 1761 1617 1782 ex

388 1799 534 1833 humanis
547 1808 610 1829 uon
619 1807 684 1829 esse
695 1797 877 1838 judicanda,
892 1798 946 1829 sed
963 1797 1112 1829 standum
1136 1799 1312 1841 Scripturae
1323 1801 1523 1834 auctoritate.
1542 1803 1615 1835 Pos-

391 1862 493 1888 tremo
506 1851 775 1894 omnipotentiam
792 1851 841 1882 vel
857 1851 943 1883 Patri
962 1852 1222 1894 abjudicandam,
1242 1855 1295 1886 vel
1309 1855 1550 1896 adjudicandam
1569 1858 1619 1890 Fi-

391 1911 434 1943 lio
458 1909 513 1941 ubi
535 1906 778 1943 demonstravit,
805 1906 889 1948 ipsos
905 1907 929 1938 si
957 1907 1036 1939 filios
1053 1918 1116 1939 non
1144 1909 1323 1949 genuerint,
1357 1911 1493 1952 propriis
1516 1914 1614 1946 servis

393 1966 448 2009 qui
465 1964 608 1996 sobolem
637 1961 890 2004 procreavi-rint,
918 1962 1023 1993 minus
1048 1968 1196 2005 potentes
1220 1963 1289 1995 sore
1315 1965 1450 2006 inducit,
1467 1968 1621 2009 proinde-

395 2029 458 2062 que
473 2023 573 2050 totam
588 2025 699 2048 eorum
721 2014 970 2057 disputationem
984 2016 1124 2057 ineptam
1141 2027 1218 2049 esse.

353 2074 464 2106 Cnur
482 2072 543 2104 ix.
564 2070 673 2102 Varias
688 2070 898 2101 Arrianorum
915 2070 1141 2112 captiunculas,
1160 2072 1407 2114 quibusFilium
1425 2077 1554 2120 coepisse
1566 2089 1619 2111 ar-

397 2128 607 2172 gutabantur,
637 2124 759 2167 profert
783 2130 814 2156 et
841 2124 994 2166 explodit.
1023 2125 1102 2157 Nam
1125 2132 1242 2168 praeter
1267 2139 1361 2171 quam
1384 2131 1468 2173 quod
1485 2143 1540 2164 eos
1567 2139 1620 2165 aut

399 2188 511 2215 contra
527 2191 572 2219 se,
591 2185 644 2212 aut
671 2179 752 2210 nihil
775 2177 900 2211 efficere
923 2184 1063 2216 constat;
1081 2190 1151 2212 cum
1166 2192 1274 2213 rerum
1299 2184 1444 2216 omnium
1460 2186 1618 2230 principio

399 2247 462 2269 non
480 2234 577 2278 possit
590 2243 654 2266 esse
671 2233 874 2275 principium,
887 2233 918 2264 in
931 2233 1076 2265 humanis
1087 2235 1183 2266 etiam
1200 2246 1311 2268 eorum
1327 2241 1559 2282 argumentatio
1576 2243 1622 2274 vj.

402 2292 481 2324 tiosa
498 2294 556 2321 est.
578 2289 717 2330 Tempus
731 2287 828 2328 igitur
842 2298 904 2318 non
921 2289 1112 2329 praecessisse
1138 2295 1300 2323 auctorem
1314 2304 1406 2324 suum
1426 2304 1433 2325 τ
1452 2293 1506 2336 qui
1523 2295 1547 2326 si
1565 2296 1623 2327 ali·

403 2344 531 2387 'quaudo
543 2353 608 2373 non
624 2343 695 2377 fuit.
718 2347 794 2373 tunc
810 2342 904 2373 Pater
919 2342 979 2373 suit
995 2342 1061 2373 sine
1077 2353 1132 2374 sua
1151 2344 1269 2378 virtute
1286 2357 1322 2377 ac
1334 2347 1502 2389 sapientia.
1520 2349 1621 2381 Deni-

381 2401 466 2443 [que
478 2397 531 2429 ubi
549 2396 694 2428 humanis
708 2396 858 2437 exemplis
870 2402 1028 2427 ostensum
1045 2404 1093 2428 est
1110 2399 1247 2441 aliquem
1262 2401 1445 2444 priusquam
1462 2410 1619 2444 nascatur,

401 2464 466 2486 esse
478 2452 550 2487 dici.
565 2451 787 2484 haereiicorum
802 2452 1014 2484 temeritatem
1028 2452 1215 2485 detestatur.
1649 2459 1705 2503 167

362 2508 470 2540 enar
486 2507 530 2539 X.
558 2506 791 2548 objicientibus
815 2506 991 2542 Christum,
1016 2507 1140 2539 Joaune
1165 2513 1256 2547 teste,
1281 2510 1388 2542 vivere
1411 2515 1543 2554 propter
1560 2513 1623 2544 Pa-

403 2567 496 2601 trem,
514 2573 549 2594 ac
563 2562 698 2605 proinde
712 2563 771 2607 ipsi
785 2565 938 2607 aequalem
952 2576 1015 2597 non
1031 2566 1223 2605 habendum,
1245 2568 1455 2611 respondetur
1471 2569 1544 2602 Filii
1569 2569 1618 2602 vi-
