1768 3283
340 264 420 312 214
883 275 913 301 s.
956 273 1146 301 Axinnosn

395 350 628 394 LXXVIII.
666 350 850 408 Rogatus
875 350 987 392 enim
1013 365 1031 390 a
1056 349 1234 391 muliere
1251 349 1367 406 quasi
1391 350 1524 393 homo
1541 384 1551 400 ,
1577 359 1625 393 ut
1646 351 1698 394 ad
1748 357 1753 408 J

339 423 549 463 dexteram
572 422 638 462 vel
667 422 718 462 ad
741 420 951 461 sinistram
979 434 1096 460 suam
1120 418 1226 461 filios
1249 420 1343 476 ejus
1371 422 1518 463 sedere
1541 429 1700 478 patere·
1746 421 1750 452 <j

334 500 426 539 tur:
448 491 542 546 quia
564 491 629 531 illa
654 489 770 545 quasi
790 489 1003 530 hominem
1027 497 1270 546 rogaverat,
1297 499 1338 531 et
1354 490 1564 533 Dominus
1581 492 1698 547 quasi

338 561 633 602 tantummodo
662 559 796 609 homo
832 560 883 599 de
912 574 983 599 sua
1015 559 1206 615 passione
1233 560 1698 616 responditzaPotestis

347 632 522 672 »bibere
544 630 715 672 calicem
736 660 746 676 ‚
775 644 899 684 quem
924 644 999 684 ego
1021 628 1230 670 bibiturus
1257 629 1432 671 sum'i’»

390 700 591 743 LXXIX.
619 699 737 755 Itaqu
755 714 777 739 e
797 698 893 754 quia
913 698 1144 740 secundum
1164 714 1332 741 car-nem
1353 700 1403 741 de
1425 699 1616 756 passione
1635 699 1700 742 sui

334 771 522 827 corporis
549 770 832 826 loquebatur,
859 769 1147 810 demonstrare
1176 770 1305 811 voluit
1324 770 1437 826 quod
1464 770 1696 812 secundum

336 856 508 882 carnem
539 839 713 896 quidem
746 839 977 880 subeundae
1008 838 1209 896 passionis
1236 839 1357 880 nobis
1386 839 1623 895 exemplum
1653 853 1700 882 ac

331 910 654 953 similitudinem
682 909 1025 964 derelinqueret,
1052 910 1284 949 secundum
1312 908 1539 950 humanam
1562 917 1702 957 autem
1753 938 1756 963 5

336 981 622 1023 conditionem
657 995 738 1020 non
775 979 886 1019 sedis
920 994 1110 1034 supernae
1143 980 1354 1020 consortia
1390 980 1579 1020 donaret.
1612 980 1701 1020 Hoc

338 1064 400 1091 est
427 1050 539 1090 enim
571 1050 684 1104 quod
713 1049 815 1089 dixit
837 1063 877 1088 z«
894 1048 984 1089 Nou
1008 1055 1069 1088 est
1091 1063 1233 1088 meum
1255 1065 1264 1095 3
1284 1048 1423 1089 »sicut
1450 1048 1545 1088 alibi
1563 1062 1572 1089 :
1589 1047 1702 1088 «Mea
1753 1083 1758 1110 ²,

337 1140 353 1159 n
371 1119 558 1161 doctrina
580 1133 663 1159 non
682 1126 744 1159 est
760 1133 852 1158 mea
867 1116 930 1163 2;1›
945 1131 1030 1158 non
1052 1126 1115 1158 est
1131 1117 1259 1166 enini,
1284 1117 1436 1173 inquit,
1469 1118 1702 1160 secundom

346 1204 516 1231 carnem
541 1203 679 1229 meam
709 1203 718 1228 :
740 1187 833 1244 quia
861 1201 952 1243 quae
971 1186 1108 1228 divina
1122 1195 1334 1235 sunt,non
1349 1195 1446 1228 sunt
1467 1185 1701 1229 carniselo-

342 1260 451 1317 quia.

404 1329 580 1372 LXXX.
627 1329 938 1384 Indulgentiam
977 1336 1117 1369 autem
1158 1342 1274 1369 suam
1315 1328 1426 1369 cirza
1466 1326 1702 1385 Discipulos
1756 1346 1761 1369 r

350 1414 455 1456 quos
475 1398 693 1454 diligeret,
713 1413 837 1454 quam
856 1413 1050 1454 expresse
1068 1398 1279 1446 revelavit,
1300 1397 1557 1455 praemittens
1577 1412 1615 1438 :a
1629 1398 1685 1439 Ca
1757 1442 1760 1453 x

347 1490 361 1509 »
379 1471 499 1512 licem
521 1469 691 1526 quidem
715 1484 855 1510 meum
876 1468 1264 1509 l)ibetis?»Etenim
1288 1468 1384 1524 quia
1407 1483 1491 1509 non
1518 1468 1701 1517 debebat
1758 1460 1760 1496 ss

351 1542 392 1583 id
415 1542 515 1582 (lare
543 1540 654 1597 quod
674 1539 902 1596 petierant,
925 1540 1037 1580 aliud
1055 1539 1295 1596 proposuit3
1323 1547 1368 1580 ut
1384 1538 1499 1595 prius
1524 1553 1709 1580 comme·
1756 1576 1763 1595 ,Ω

352 1618 535 1651 moraret
552 1609 651 1665 quid
675 1609 723 1650 iis
743 1609 963 1656 tribueret,
989 1624 1113 1664 quam
1138 1609 1239 1664 quid
1255 1616 1426 1665 negaret
1447 1623 1455 1649 :
1478 1623 1559 1664 quo
1577 1609 1707 1666 magis

349 1681 590 1736 aequitateu]
621 1680 698 1720 sibi
724 1679 958 1736 petitionis,
988 1695 1114 1735 quam
1146 1680 1331 1721 studium
1351 1679 1582 1721 Dominicae
1604 1680 1705 1722 libe·
1758 1702 1762 1737 j

351 1750 523 1791 militatis
547 1749 829 1805 intelligerent
857 1748 1050 1790 defuisse.

407 1819 606 1861 LXXXI.
646 1836 662 1856 «
692 1818 874 1860 Calicem
907 1819 1075 1874 quidem
1095 1851 1105 1866 ,
1135 1817 1296 1874 inquit,
1327 1832 1468 1859 meum
1491 1817 1702 1868 bibetis,»
1758 1820 1762 1829 “

355 1891 435 1932 hoc
459 1899 544 1936 est,
570 1889 804 1946 passionem
832 1889 1001 1945 quidem
1028 1903 1119 1944 quae
1143 1889 1279 1929 earnis
1301 1903 1404 1930 meae
1431 1897 1516 1937 est,
1541 1904 1624 1930 non
1646 1905 1715 1932 ne·

358 1961 491 2018 gabo3
520 1961 634 2016 quod
664 1959 776 2000 enim
802 1959 995 2000 humanae
1021 1958 1318 2015 assumptionis
1351 1958 1513 2007 habeo,
1543 1960 1715 2016 potestis
1760 1956 1764 1993 Ᾰ

360 2029 512 2072 imitari
546 2044 554 2070 ε
588 2029 737 2070 donavi
771 2029 888 2070 vobis
919 2029 1139 2071 victoriam
1167 2029 1394 2085 passionis,
1427 2029 1716 2072 haereditatem

362 2099 500 2142 crucis
532 2115 540 2140 :
559 2100 740 2141 «Sedere
764 2108 902 2141 autem
925 2101 976 2141 ad
1004 2099 1217 2141 dexteram
1238 2114 1375 2140 meam
1391 2131 1402 2147 ‚
1433 2100 1498 2141 vel
1518 2101 1570 2142 ad
1601 2100 1717 2142 sinis-

363 2178 499 2211 »tram
535 2183 620 2209 non
657 2177 721 2209 est
750 2184 893 2210 meum
927 2170 1024 2210 dare
1054 2168 1183 2210 vobis.
1202 2186 1217 2205 u
1242 2168 1331 2210 Non
1366 2168 1469 2210 dixit
1497 2183 1508 2209 ε
1535 2168 1627 2211 Non
1655 2180 1718 2212 est

362 2254 506 2281 meum
540 2240 665 2286 dare3
695 2239 927 2286 sed,«Non
960 2247 1022 2280 est
1038 2253 1181 2280 meum
1209 2240 1308 2280 dare
1338 2238 1455 2280 vobis
1474 2237 1602 2286 ,ahoe
1629 2248 1717 2288 est,
1762 2246 1765 2254 '

360 2323 443 2350 non
468 2307 545 2349 sibi
578 2315 831 2364 potestatem
862 2309 1005 2349 deesse
1037 2323 1247 2357 asserens,
1276 2308 1350 2349 sed
1376 2307 1575 2350 meritum
1605 2321 1718 2351 crea·
1762 2324 1764 2326 ·

365 2378 485 2420 turis.

421 2449 639 2491 LXXXII.
679 2448 838 2506 Accipe
856 2448 976 2490 aliter
1001 2448 1147 2491 zaNon
1170 2457 1234 2490 est
1255 2462 1397 2490 meum
1421 2449 1520 2490 dare
1546 2447 1707 2490 vobis.-

367 2518 495 2570 Quod
518 2527 580 2561 est
595 2551 605 2567 ,
622 2518 740 2561 «Non
758 2527 821 2561 est
839 2533 997 2567 meum,
1011 2537 1026 2558 n
1041 2519 1111 2575 qui
1131 2519 1223 2561 veni
1241 2518 1521 2561 humilitatem
1535 2519 1688 2561 docere
1709 2533 1719 2559 ε

411 2619 419 2634 ¹
442 2611 559 2643 Matth.
578 2621 635 2650 xx,
652 2622 704 2643 22.
720 2629 759 2637 --
787 2621 798 2636 ²
826 2611 921 2643 Joan.
941 2621 996 2642 vn.
1020 2611 1069 2643 16.
