1806 3256
392 270 447 309 80
949 279 980 309 5.
1020 278 1212 308 ,1111110511

390 373 489 417 ergo
507 358 780 402 maledictum
806 372 890 400 nou
913 359 1148 401 secundum
1177 356 1446 399 Divinitatem
1463 390 1472 406 ‚
1498 357 1571 399 sed
1593 370 1745 400 secun·
1778 348 1782 403 ἶ

393 431 494 472 dum
517 445 712 478 carnem3
735 429 938 486 scriptum
963 437 1025 470 est
1044 429 1155 470 enim
1177 443 1186 469 :
1214 445 1228 466 α
1245 426 1493 470 Maledictus
1515 428 1648 470 omnis
1675 429 1746 485 qui

390 500 576 557 »pendet
599 499 640 540 in
662 499 819 556 ligno¹.
849 516 864 537 »
888 498 1135 540 Secundum
1160 512 1329 539 carnem
1353 497 1497 555 utique
1519 499 1743 556 pependit3
1779 490 1788 564 'V

391 578 433 610 et
463 569 557 610 ideo
589 569 888 615 maledictum,
924 568 994 624 qui
1028 576 1171 609 nostra
1198 568 1421 609 maledicta
1452 569 1647 625 suscepit.
1674 569 1748 610 1116
1781 566 1788 622 s

392 638 530 685 flevit,
551 652 604 678 ne
628 646 672 679 tu
696 637 824 678 homo
849 636 920 678 diu
947 637 1069 679 fleres
1094 653 1102 676 :
1129 637 1197 678 ille
1225 636 1397 693 injurias
1420 653 1564 694 passus
1587 646 1671 687 est,
1696 653 1749 680 ne

394 716 438 749 tu
456 706 653 761 injuriam
677 714 792 748 tuam
817 707 994 749 doleres.
1781 709 1783 717 '

451 776 580 819 XCV.
621 776 791 818 Grande
814 776 1071 825 remedium,
1097 777 1290 818 solatium
1311 777 1466 819 habere
1489 779 1538 819 de
1563 778 1743 821 Chrislo.
1781 785 1787 836 ζ

394 848 471 888 1116
497 846 609 888 enim
642 862 718 904 pro
750 846 872 888 nobis
910 847 999 889 haec
1031 847 1257 904 palicntius
1284 847 1376 888 [ulit
1397 880 1406 895 ,
1444 855 1483 888 et
1518 863 1662 889 sumus
1680 847 1750 904 qui

394 917 601 975 patienter
625 917 715 960 haec
747 933 824 974 pro
860 918 970 959 illius
1005 918 1175 960 nomine
1203 919 1311 959 serre
1346 919 1626 974 nequeamus!
1647 919 1751 970 Quis
1782 931 1786 942 ⁸

396 987 606 1043 appetitus
629 1003 712 1029 non
738 988 871 1030 discat
893 988 1110 1045 ignoscere
1127 1022 1135 1036 ‚
1159 989 1326 1043 quando
1351 996 1391 1029 et
1412 1004 1484 1044 pro
1507 997 1752 1045 persecuto·
1782 1028 1786 1043 ³

395 1057 512 1098 ribus
531 1057 615 1098 suis
635 1057 826 1099 Christus
850 1057 975 1098 etiam
999 1057 1225 1099 crucifixus
1245 1058 1422 1099 orabat?
1445 1058 1638 1100 x{ides-ne
1665 1059 1752 1099 illas

397 1142 498 1183 quas
523 1135 566 1168 tu
586 1134 709 1184 putas
734 1127 890 1169 Christi
914 1126 1194 1176 infirmitates,
1216 1136 1304 1169 tuas
1323 1143 1414 1169 esee
1438 1128 1642 1170 virtutes?
1669 1128 1755 1170 Cur
1783 1178 1787 1190 .

397 1199 448 1239 de
471 1197 666 1239 remediis
695 1198 848 1240 nostris
879 1198 915 1239 ei
953 1198 1227 1254 quaestioneu]
1259 1198 1507 1240 movemus?
1538 1199 1754 1256 Lacrymae
1790 1210 1791 1254 J

395 1268 475 1309 illae
507 1283 582 1309 nos
609 1269 769 1315 lavant,
796 1268 919 1310 fletus
951 1268 1008 1309 illi
1041 1284 1117 1310 nos
1147 1270 1348 1316 abluunt,
1379 1284 1424 1311 ac
1450 1269 1654 1310 dubitatio
1687 1269 1754 1310 illa
1790 1262 1791 1265 ¹

395 1353 470 1380 nos
495 1337 661 1387 firmam
691 1354 742 1380 ne
767 1347 811 1380 tu
835 1339 867 1380 si
891 1340 1069 1396 coeperis
1094 1339 1287 1381 dubitare
1306 1372 1316 1387 ,
1350 1340 1557 1395 desperes.
1586 1340 1756 1391 Quanto

394 1407 532 1463 major
553 1416 615 1449 est
638 1408 812 1464 injuria,
836 1417 953 1451 tanto
977 1410 1151 1451 uberior
1179 1411 1357 1451 debetur
1379 1411 1523 1466 gratia.

453 1477 605 1521 XCVI.
644 1478 725 1520 Sed
750 1479 791 1520 iu
815 1480 911 1536 ipsis
944 1480 1106 1535 injuriis
1139 1496 1347 1537 cognosce
1382 1481 1665 1523 Divinilalem.
1709 1481 1755 1522 In

395 1562 522 1591 cruce
541 1549 770 1606 pendebat,
790 1558 831 1591 et
853 1551 1059 1591 elementa
1075 1550 1757 1593 610111111115611ῐ61131112.50116111-

395 1619 477 1675 git,
504 1619 590 1660 dies
613 1619 790 1667 occidit,
814 1620 970 1661 obsusae
987 1621 1304 1663 etcircumsusae
1321 1622 1520 1670 tencbrae,
1545 1631 1652 1664 [erra
1672 1631 1756 1664 tre-

395 1688 533 1730 muit:
560 1703 644 1730 non
679 1690 852 1732 tremuit
875 1690 946 1746 qui
970 1691 1182 1748 pependit.
1214 1692 1326 1742 Quid
1345 1692 1457 1733 aliud
1488 1692 1577 1734 lzaec
1594 1724 1603 1740 ,
1631 1708 1755 1748 quam

394 1760 590 1801 Auctoris
607 1761 884 1803 reverentiam
899 1761 1062 1818 signant
1074 1761 1091 1803 Ξ)
1103 1763 1208 1813 Quia
1226 1762 1263 1803 in
1278 1778 1401 1804 cruce
1413 1771 1489 1811 est,
1506 1764 1641 1804 vides:
1661 1763 1756 1819 quia

396 1843 574 1886 regnum
594 1830 670 1872 Dei
691 1831 845 1880 donat,
869 1846 954 1872 non
978 1831 1104 1873 vides.
1132 1832 1238 1883 Quia
1263 1842 1441 1875 moriem
1470 1833 1670 1890 gustavit,
1699 1833 1757 1873 le·
1792 1822 1794 1834 ἰ

394 1899 454 1955 gis
476 1913 485 1940 τ
508 1899 827 1955 quialatronem
852 1916 1020 1957 quoque
1048 1903 1099 1943 ad
1132 1902 1373 1958 paradisum
1407 1900 1644 1947 invitavit³‚
1671 1915 1754 1943 non

392 1968 508 2026 legis.
539 1969 731 2012 Mulieres
756 1971 903 2013 flentes
931 1971 1108 2013 intueris
1132 1973 1182 2012 ad
1211 1973 1443 2018 tumulum,
1475 1987 1558 2013 non
1578 1971 1753 2013 intueris

393 2039 576 2096 Angelos
609 2042 869 2084 excubantes
891 2040 922 2084 Δ.
958 2042 1071 2093 Quid
1105 2043 1255 2084 dixerit
1289 2043 1416 2100 legis,
1449 2042 1549 2100 quid
1582 2042 1755 2099 gesserit

395 2125 479 2152 non
513 2111 628 2169 legis.
668 2111 783 2154 Dicis
822 2111 1067 2154 Chananaeae
1105 2113 1271 2154 mulieri
1305 2113 1455 2154 dixisse
1487 2112 1749 2153 Dominum:
1786 2121 1796 2170 ξ’

401 2198 416 2218 «
440 2181 530 2223 Non
562 2196 655 2223 sum
692 2183 842 2224 missus
885 2183 963 2224 nisi
1000 2182 1051 2224 ad
1078 2197 1173 2224 oves
1214 2198 1305 2239 quae
1343 2183 1560 2240 perierunt
1597 2184 1746 2224 domus

391 2250 568 2293 »Israel5
594 2266 638 2293 z»
654 2266 738 2294 non
763 2251 882 2302 dicis,
907 2252 1104 2309 quoniam
1128 2252 1168 2294 id
1186 2254 1298 2309 quod
1324 2253 1372 2294 ab
1396 2268 1442 2295 ea
1467 2260 1636 2310 rogatus
1664 2261 1746 2301 est,
1792 2280 1793 2308 3

396 2320 512 2363 fecit.

448 2391 620 2436 XCVII.
660 2395 778 2437 Unde
801 2393 1036 2452 intelligere
1061 2403 1101 2437 te
1124 2395 1344 2444 convenit,
1379 2395 1475 2452 quia
1494 2395 1643 2437 missus
1666 2409 1750 2437 non

393 2462 438 2505 id
460 2462 693 2518 significat,
721 2466 835 2523 quod
862 2466 996 2508 alieno
1027 2465 1079 2508 sit
1110 2473 1279 2508 coactus
1308 2465 1507 2523 imperio,
1533 2466 1605 2508 sed
1636 2465 1752 2522 quod

433 2573 444 2589 ¹
462 2567 561 2599 Dent.
588 2579 656 2603 xxi.
677 2570 730 2601 25.
747 2588 787 2595 —-
806 2581 818 2595 ²
840 2571 960 2604 Matih.
978 2581 1083 2611 nvn,
1102 2572 1155 2604 51,
1172 2590 1212 2596 --
1228 2571 1241 2595 ³
1265 2572 1344 2605 Luc.
1380 2573 1546 2613 xx111,45.
1567 2590 1605 2598 --
1627 2572 1750 2609 ⁴Joan.

385 2631 440 2661 xx,
463 2631 515 2655 ιω.
543 2639 583 2647 ·-
605 2625 616 2647 ⁵
638 2624 759 2659 Matth.
785 2634 838 2666 xv,
861 2625 910 2665 ²4·
