1768 3283
357 376 440 432 278
902 387 932 412 s.
975 386 1165 412 Amanusn

353 469 467 527 quod
490 483 511 510 a
533 466 700 510 servitio
725 465 776 506 sit
796 465 882 521 ipse
905 472 1116 519 exceptus.
1147 463 1254 519 Ergo
1283 477 1379 503 cum
1403 460 1591 503 universa
1615 478 1702 504 ser-

351 539 488 584 viant,
515 553 599 579 non
623 536 773 578 serviat
795 533 973 592 Spiritus
991 567 1001 581 ,
1021 534 1166 590 utique
1189 534 1297 573 inter
1325 533 1515 574 universa
1535 547 1618 574 non
1640 540 1703 574 est

352 607 530 665 Spiritus
549 614 730 648 sanctus.

408 675 563 719 XXIV.
601 675 707 718 Nam
746 674 778 715 si
822 673 929 714 inter
972 672 1112 713 omnia
1157 672 1334 713 dicimus
1371 687 1461 713 esse
1499 671 1701 728 Spiritum

349 755 566 794 sanctum,
596 746 743 801 utique
779 759 876 785 cum
906 742 1132 801 legerimus
1163 743 1256 798 quia
1277 743 1366 798 salta
1387 742 1463 784 Dei
1492 749 1703 783 scrutatur

348 815 573 873 Spirstus',
605 815 741 857 Deum
777 815 943 856 Patrem
972 828 1062 853 esse
1095 828 1221 868 super
1255 813 1395 853 omnia
1429 813 1696 868 denegamus.

350 885 515 927 Etenim
549 900 645 926 cum
679 900 729 926 ex
752 884 840 926 Deo
876 883 1055 940 Spiritus
1091 882 1164 928 sit,
1197 890 1236 922 et
1270 881 1448 939 Spiritus
1471 881 1552 922 oris
1585 881 1699 938 ejus,

349 956 563 1012 quomodo
583 969 805 1011 possumus
822 954 929 994 inter
948 952 1085 993 omnia
1106 952 1247 993 dicere
1265 951 1467 1008 Spiritum
1486 960 1700 999 sanctum3

348 1039 444 1065 cum
462 1039 588 1081 super
605 1023 745 1064 omnia
761 1022 872 1063 Deus
893 1021 957 1069 sit,
977 1020 1097 1077 cujus
1116 1030 1177 1062 est
1193 1020 1388 1077 Spiritus,
1408 1022 1540 1078 plenae
1558 1020 1702 1077 utique

345 1093 616 1151 perfectionis
632 1125 642 1140 ‚
667 1092 948 1150 perfectaeque
974 1090 1170 1131 virtutis?

407 1163 541 1206 XXV.
581 1163 642 1204 Ac
665 1178 715 1203 ne
737 1162 985 1219 Apostolum
1015 1161 1273 1202 arbitrentur
1290 1177 1469 1208 errasse,
1495 1161 1702 1218 accipiant

347 1249 474 1291 quein
500 1232 664 1274 fiduciae
690 1231 816 1287 hujus
840 1232 891 1272 sit
914 1238 1083 1272 secutus
1110 1240 1338 1272 auctorem.
1365 1231 1568 1272 Dominus
1591 1231 1702 1273 enim

349 1304 391 1346 in
420 1303 644 1360 Evangelio
674 1303 775 1343 dixit
795 1317 803 1342 :
823 1321 836 1340 α
856 1301 961 1343 Cum
989 1301 1149 1342 venerit
1174 1302 1435 1349 Paracletus,
1471 1317 1597 1358 quem
1625 1318 1701 1359 ego

349 1374 541 1416 »mittam
564 1372 681 1414 vobis
702 1388 721 1412 a
745 1372 868 1414 Patre
887 1387 980 1412 meo
1000 1404 1008 1418 ,
1034 1371 1239 1428 Spiritum
1259 1372 1463 1419 veritatis,
1484 1372 1555 1428 qui
1580 1387 1599 1412 a
1623 1372 1702 1414 Pa-

351 1463 366 1483 ι
382 1453 443 1486 tre
459 1444 676 1501 procedit;
700 1443 768 1485 ille
786 1441 1075 1483 testimonium
1097 1440 1338 1497 perhibebit
1362 1442 1412 1482 de
1433 1440 1539 1482 1]ιεῖ.
1559 1459 1573 1479 ι
1591 1442 1701 1499 Ergo

349 1524 392 1556 et
427 1529 446 1554 a
476 1514 597 1555 Patre
632 1513 823 1569 procedit
857 1510 1036 1568 Spiritus
1074 1511 1341 1561 sanctus‚'et
1374 1510 1623 1553 testificatur
1653 1513 1705 1553 de

346 1583 469 1627 Filio.
498 1581 766 1625 Testilicatur
783 1582 908 1622 ctiam
931 1583 981 1623 de
997 1581 1119 1623 Patre
1139 1582 1253 1622 testis
1277 1591 1317 1622 et
1337 1580 1472 1623 fidelis
1489 1589 1531 1623 et
1550 1597 1669 1622 verus
1690 1597 1700 1624 τ

352 1669 435 1710 quo
457 1652 562 1694 nihil
589 1654 640 1695 ad
666 1653 974 1709 expressionem
1005 1652 1153 1693 divinae
1176 1651 1404 1708 majestatis
1428 1660 1490 1693 est
1516 1652 1701 1708 plenius,

350 1724 455 1766 'nihil
479 1725 529 1765 ad
558 1724 759 1765 unitatem
783 1723 932 1764 diviuae
956 1723 1172 1778 potestatis
1196 1722 1450 1770 evidentius3
1476 1737 1572 1763 cum
1592 1722 1702 1763 idem

351 1793 516 1836 noverit
538 1793 716 1850 Spiritus
740 1794 855 1849 quod
880 1801 919 1834 et
943 1792 1095 1840 Filius,
1128 1793 1198 1849 qui
1224 1802 1492 1849 paternorum
1521 1792 1636 1834 testis
1662 1801 1704 1835 et

351 1881 523 1908 consors
547 1864 789 1907 individuus
809 1873 1069 1906 secretorum
1089 1873 1163 1905 est.

405 1930 561 1976 XXVI.
606 1933 792 1975 Exclusit
828 1934 968 1989 itaque
1010 1948 1030 1974 a
1072 1933 1318 1990 cognitione
1349 1933 1425 1975 Dei
1459 1933 1701 1974 societatem
1754 1927 1758 1937 ¹

349 2012 390 2046 et
411 2003 726 2045 multitudinem
746 2013 949 2045 creaturae
977 2019 986 2044 :
1013 2019 1097 2044 non
1126 2003 1389 2045 excludendo
1413 2011 1552 2044 autem
1571 2002 1702 2059 Spiri-

349 2083 439 2116 tum
469 2089 662 2116 sanctum
681 2107 690 2122 ‚
717 2075 900 2115 ostendit
926 2090 1008 2115 non
1031 2090 1120 2116 esse
1143 2075 1305 2115 socium
1332 2083 1547 2115 creaturae.
1581 2074 1702 2115 Unde

347 2154 388 2186 et
410 2145 513 2187 illud
530 2146 643 2201 quod
663 2146 820 2186 lectum
845 2146 962 2186 estin
984 2145 1207 2202 Evangelio
1231 2161 1270 2184 :«
1291 2145 1398 2196 Quia
1416 2145 1552 2186 Deum
1576 2159 1700 2185 nemo
1750 2137 1754 2175 ,⁴

348 2216 477 2256 »vidit
512 2231 696 2271 unquam
713 2247 723 2261 ‚
747 2216 824 2256 nisi
852 2216 1092 2272 unigenitus
1116 2216 1244 2257 Filius
1266 2216 1335 2272 qui
1360 2225 1422 2256 est
1446 2215 1486 2255 in
1509 2215 1603 2256 sinu
1622 2214 1698 2256 Pa-

345 2285 469 2332 »tris‚
495 2286 581 2341 ipse
606 2284 889 2332 enarravit33»
912 2287 963 2326 ad
991 2286 1280 2341 exceptionem
1309 2285 1494 2342 pertinet
1522 2284 1700 2341 Spiritus

346 2355 493 2397 sancti.
533 2355 759 2405 Quou·odo
788 2355 898 2395 enim
931 2356 1064 2397 Deum
1103 2371 1186 2396 non
1222 2356 1349 2403 vidit,
1388 2356 1457 2411 qui
1489 2362 1700 2396 scrutatur

344 2425 468 2467 etiam
494 2426 570 2466 alta
600 2425 670 2465 Dei
690 2424 728 2465 ΛΞ)
747 2426 957 2480 quomodo
979 2425 1114 2466 Deum
1142 2440 1223 2465 non
1248 2426 1350 2465 vidit
1372 2459 1379 2470 ‚
1410 2425 1480 2480 qui
1505 2424 1700 2481 coguovit

344 2510 436 2550 quae
466 2495 539 2535 Dei
571 2495 699 2535 sunt?
727 2496 939 2550 quomodo
969 2495 1103 2535 Deum
1143 2511 1226 2535 non
1262 2495 1391 2537 vidit.
1427 2495 1494 2550 qui
1531 2510 1579 2534 ex
1614 2494 1698 2534 Deo

346 2565 434 2606 est?
466 2566 574 2622 Ergo
607 2579 703 2607 cum
737 2566 792 2606 ita
817 2565 998 2622 positum
1035 2566 1113 2606 sit«
1138 2566 1246 2616 Quia
1278 2569 1415 2607 Deum
1443 2580 1566 2606 nemo
1598 2564 1700 2605 vidit

395 2676 400 2689 ¹
442 2677 452 2697 1
484 2668 560 2698 Cor.
595 2677 617 2698 ιι
637 2689 645 2704 ,
678 2677 727 2699 ιο.
760 2685 798 2690 -
824 2676 835 2689 ¹
865 2668 956 2698 Joan.
984 2678 1045 2699 xv.
1076 2667 1127 2697 26.
1154 2686 1191 2689 —
1224 2668 1237 2689 ³
1264 2667 1310 2697 [11.
1343 2678 1376 2700 1.
1406 2667 1454 2696 18.
1480 2682 1518 2688 --·
1543 2669 1553 2692 ⁴
1578 2676 1587 2695 ι
1617 2664 1696 2695 Cor.

347 2732 399 2759 ιι,
434 2731 481 2751 ιο.
