1768 3283
124 289 403 322 nmmum-un
435 290 668 319 Annnosum
699 290 749 317 Ex
783 288 1001 316 Tnssonomz
1032 286 1291 316 nnsuuprun.
1357 274 1443 330 487

228 609 755 661 FRAGMENTUM
808 606 1340 660 AMBROSIANUM

343 766 420 810 EX
454 765 829 811 THEODORETO
866 766 1220 816 DESUMPTUM‚

485 897 784 930 POLYMORPffl
814 897 1018 930 DIALOGO
1043 897 1094 929 11.

274 1040 432 1082 Sancti
458 1040 690 1083 Ambrosii
719 1041 928 1098 Episcopi
958 1040 1302 1084 Mediolanensi-s·

536 1113 585 1153 in
610 1112 898 1169 Expositiono
918 1111 1038 1169 fidei.

173 1275 206 1319 Ι.
247 1274 519 1320 CONFITEMUR
545 1276 778 1318 Dominum
815 1281 1007 1318 nostrum
1045 1275 1189 1318 Jesum
1223 1275 1436 1318 Christum
1457 1304 1468 1323 ‚

113 1344 269 1388 Filium
290 1348 367 1389 Dei
394 1348 658 1405 unigenitum
679 1382 686 1394 ,
713 1357 809 1390 ante
831 1347 967 1390 omnia
991 1349 1142 1390 saecula
1162 1348 1249 1389 sine
1266 1346 1472 1405 principio

116 1430 167 1457 ex
195 1416 317 1458 Patre
348 1418 534 1474 genitum
559 1419 793 1460 secundum
819 1418 1089 1460 Divinitatem
1126 1433 1134 1459 :
1160 1418 1202 1459 in
1233 1416 1468 1459 novissimis

116 1500 215 1528 vero
234 1487 379 1529 diebus
403 1504 452 1531 ex
472 1499 615 1531 sancta
638 1489 807 1545 Virgine
829 1488 954 1530 Maria
983 1490 1180 1530 eumdem
1203 1489 1471 1529 incarnatum

117 1571 229 1606 esse,
256 1558 575 1615 perfectumque
599 1559 812 1601 hominem
841 1574 890 1599 ex
926 1559 1061 1599 anima
1096 1558 1287 1599 rationali
1309 1565 1349 1598 et
1374 1572 1470 1598 cor-

117 1642 220 1684 pore
244 1631 514 1687 assumpsisse
531 1663 542 1678 ‚
568 1629 969 1671 consubstantialem
999 1629 1109 1671 Patri
1137 1629 1368 1670 secundum
1397 1628 1473 1669 Di-

117 1699 333 1742 vinitatem
349 1733 359 1749 ,
384 1710 425 1743 et
449 1701 850 1744 consubstantialem
878 1701 998 1741 nobis
1022 1701 1255 1741 secundum
1281 1698 1473 1741 humani·

120 1776 261 1812 tatem.
289 1770 476 1812 Duarum
508 1771 619 1813 enim
642 1771 927 1828 perfectarum
952 1779 1196 1812 naturarum
1232 1770 1331 1810 unio
1362 1768 1471 1810 facta

120 1847 182 1881 est
209 1839 489 1882 ineffabiliter.
516 1841 614 1882 Ideo
638 1856 768 1882 unum
791 1839 1004 1881 Christum
1027 1873 1035 1886 ‚
1057 1854 1186 1880 unum
1207 1838 1360 1880 Filium
1385 1839 1474 1879 Do-

120 1911 280 1952 minum
300 1921 490 1954 nostrum
518 1911 662 1954 Jesum
689 1911 900 1952 Christum
924 1910 1076 1952 Filium
1100 1910 1175 1952 Dei
1204 1908 1472 1955 confitemur,

121 1981 299 2024 scientes
326 1984 438 2039 quod
458 1982 570 2025 Patri
597 1998 671 2024 suo
692 1983 925 2023 secundum
946 1980 1216 2022 Divinitatem
1241 1987 1474 2022 coaeternus

122 2053 331 2101 existens,
356 2055 590 2095 secundum
623 2067 748 2109 quam
781 2051 968 2092 omnium
1000 2051 1124 2092 etiam
1155 2059 1215 2092 est-
1249 2049 1473 2097 conditor,

125 2121 317 2179 dignatus
355 2132 447 2171 est,
493 2132 590 2180 post
628 2131 780 2164 sanctae
817 2119 998 2178 Virginis
1031 2135 1272 2167 assensum,
1306 2119 1474 2175 quando

125 2191 227 2233 dixit
248 2191 407 2249 Angelo
434 2193 596 2234 :«Ecce
628 2192 773 2233 ancilla
806 2190 996 2238 Domini,
1022 2189 1093 2231 fiat
1115 2189 1217 2230 mihi
1241 2189 1473 2230 secundum

126 2279 142 2299 ι)
154 2261 330 2303 verbum
345 2262 478 2303 tuum¹
490 2295 500 2309 ,
513 2281 527 2300 n
542 2261 809 2303 ineffabiliter
826 2261 960 2302 sibiex
972 2275 1016 2300 ea
1032 2261 1234 2315 templum
1248 2256 1471 2303 aedificare,

125 2339 168 2373 et
191 2331 272 2373 hoc
291 2332 369 2374 sibi
396 2333 444 2373 ab
470 2332 556 2390 ipsa
582 2332 858 2388 conceptione
881 2330 1024 2377 unire,
1051 2345 1132 2370 nvn
1152 2337 1405 2369 coaeternum
1429 2339 1479 2366 ex

127 2416 200 2442 sua
222 2402 454 2443 substantia
479 2403 644 2443 coelitus
667 2402 851 2443 delatum
878 2415 1030 2456 corpus
1048 2431 1057 2445 ‚
1078 2399 1147 2439 sed
1168 2413 1218 2438 ex
1238 2394 1478 2438 substantiae

128 2479 281 2512 nostrae
304 2486 436 2513 massa
458 2503 470 2520 ,
497 2471 577 2513 hoc
600 2480 662 2513 est
683 2505 692 2518 ,
723 2485 771 2511 ex
793 2468 963 2526 Virgine
1000 2467 1040 2508 id
1072 2481 1311 2514 assumens,
1336 2473 1377 2505 et
1401 2461 1478 2505 sihi

129 2539 206 2597 ipsi
230 2539 390 2582 uniens.

177 2639 186 2653 ¹
207 2631 285 2663 Luc.
306 2643 327 2667 ι,
343 2631 394 2663 58.
