1768 3283
609 276 940 307 ΑΝΝοΤΑΤιοΝΕε.
1371 245 1454 308 503

104 372 248 417 regere
273 358 506 417 plaustrum
536 358 706 401 coeleste
738 354 938 399 videatur.
971 354 1100 398 Orion
1123 370 1143 398 a
1171 355 1444 401 multitudine

103 445 303 487 aquarum
324 444 477 472 nomen
495 427 698 476 obtinuit,
723 427 836 483 quod
852 427 1010 469 oriatur
1027 426 1209 484 hyemali
1229 437 1437 487 tempore,

101 509 143 543 et
153 499 674 558 pluviastempestatesque
692 496 802 539 ciere
821 496 1091 540 existimetur.
1114 496 1331 541 Postremo
1350 497 1448 541 Ver-

101 570 207 627 giliae
235 586 256 613 a
278 569 434 613 Latinis
457 569 618 611 idcirco
634 601 644 617 ‚
670 568 782 624 quod
803 582 899 609 vere
932 575 1071 609 ortum
1093 582 1215 610 suum
1242 567 1449 617 habeant,

99 640 284 683 fuerunt
303 641 551 687 nominatae;
571 639 680 681 sicut
697 647 738 680 et
755 653 776 680 a
796 637 956 679 Graecis
974 637 1177 684 Pleiades,
1197 637 1310 694 quod
1327 639 1467 695 plures

107 710 234 753 simul
268 717 522 768 appareant;
555 709 670 750 unde
703 707 953 750 Ambrosius
980 715 1122 748 noster
1144 707 1333 749 nominat
1355 707 1470 748 colli-

104 781 325 835 gationes,
346 780 431 821 sive
452 787 499 820 ut
520 779 562 819 in
584 776 884 834 manuscriptis
906 776 1163 831 quibusdam
1180 776 1332 833 legitur
1357 790 1366 818 ε
1384 776 1467 817 σοί-

111 849 383 908 Ιεὸἱαιίοηεε,
408 847 714 904 vergiliarum.

461 1030 706 1058 ANNOTATIO
741 1017 830 1070 (25)
869 1029 962 1072 pag.
1004 1017 1099 1057 255.

164 1169 225 1213 Ne
248 1169 316 1212 cui
339 1170 530 1213 videatur
550 1170 779 1212 obscurum
807 1170 921 1226 quod
943 1168 1191 1212 Ambrosius
1213 1168 1324 1210 diem
1350 1168 1460 1224 judi-

107 1240 160 1282 cii
182 1240 348 1283 Christo
369 1241 585 1298 cognitum
613 1241 738 1283 fuisse
757 1241 910 1283 exinde
932 1241 1106 1297 probet,
1132 1239 1228 1295 quia
1250 1239 1457 1281 Dominus

106 1318 169 1351 est
194 1310 320 1351 etiam
342 1310 527 1358 sabbati3
554 1309 857 1352 advertendum
892 1310 1000 1352 hanc
1026 1317 1213 1351 mentem
1230 1323 1319 1350 esse
1339 1307 1457 1350 Doc-

108 1378 206 1420 toris
230 1379 387 1428 nostri,
415 1378 630 1421 Christum
656 1379 817 1421 scilicet
843 1394 891 1420 ea
915 1394 1096 1436 quorum
1116 1377 1243 1420 fuerit
1263 1377 1352 1435 ipse
1372 1377 1459 1420 Do-

106 1449 266 1497 minus,
292 1449 482 1506 ignorare
512 1450 626 1491 haud
661 1464 871 1505 quaquam
898 1464 1022 1505 posse
1044 1466 1052 1489 :
1079 1463 1177 1490 eum
1201 1456 1341 1489 autem
1376 1447 1458 1488 diei

105 1518 252 1575 judicii
284 1519 510 1560 Dominum
536 1535 625 1560 esse
656 1534 706 1560 ex
736 1534 786 1561 eo
820 1519 983 1569 doceri,
1021 1520 1135 1575 quod
1169 1518 1221 1560 sit
1253 1518 1458 1560 Dominus

106 1587 232 1628 etiam
256 1588 441 1636 sabbati,
475 1589 546 1643 qui
580 1588 666 1629 dies
687 1596 728 1630 et
755 1588 931 1630 afiorum
953 1588 1143 1630 omnium
1166 1586 1458 1644 praestantissi-

105 1673 197 1698 mus
211 1690 221 1708 ‚
247 1666 288 1698 et
308 1658 628 1700 resurrectionis
643 1691 654 1706 ,
678 1666 724 1700 ut
740 1659 851 1700 idem
874 1657 1122 1699 Ambrosius
1142 1657 1292 1713 saepius
1312 1656 1456 1704 tradit,

105 1726 239 1783 figura
273 1736 349 1769 est.
382 1728 486 1778 Quae
516 1744 614 1770 vero
643 1729 694 1770 de
717 1728 979 1770 destruendis
1001 1727 1302 1783 Hierosolymis
1325 1726 1460 1781 subji-

107 1796 291 1844 ciuntur,
325 1796 598 1853 spiritualiter
624 1797 895 1853 intelligenda
926 1811 1075 1839 noscas
1099 1796 1215 1839 elib.
1239 1810 1290 1844 x,
1314 1796 1363 1836 in
1380 1794 1460 1836 Lu-

107 1880 228 1915 cam,
254 1881 369 1908 num.
399 1868 446 1908 15
464 1899 474 1917 ,
495 1875 536 1908 et
558 1867 841 1922 sequentibus.

461 2034 703 2061 ANNOTATIO
739 2019 828 2077 (26)
863 2034 956 2076 pag.
997 2018 1095 2059 261.

167 2165 286 2206 Illam
305 2179 433 2222 porro
453 2168 733 2222 quorumdam
755 2167 995 2223 opinionem
1015 2181 1095 2222 qua
1118 2165 1333 2207 Christum
1354 2174 1458 2208 tem-

107 2249 209 2290 pore
232 2250 314 2277 suae
335 2235 544 2278 missionis
562 2238 797 2278 secundum
815 2246 1008 2279 naturam
1027 2237 1256 2278 humanam
1276 2237 1327 2278 de
1348 2236 1458 2277 sacto

108 2304 312 2347 nonnulla
348 2307 584 2362 ignorasse,
618 2322 664 2348 ac
697 2323 794 2349 vere
824 2308 996 2349 scientia
1027 2307 1257 2364 profecisse
1280 2306 1463 2348 affirma-

106 2373 225 2422 bant,
253 2383 300 2416 ut
320 2375 363 2417 in
385 2374 467 2418 fide
489 2378 673 2432 quodam
697 2379 823 2419 modo
849 2378 1128 2434 periculosam
1154 2376 1232 2418 sibi
1254 2391 1337 2418 non
1361 2392 1460 2433 pro-

107 2443 198 2484 bari
221 2444 408 2487 declarat
435 2446 696 2488 Ambrosius.
735 2447 1005 2504 Quapropter
1034 2447 1104 2502 qui
1127 2447 1319 2488 eamdem
1337 2447 1460 2502 vulgo

109 2522 341 2567 sequuntur
362 2514 634 2564 heterodoxi,
660 2516 760 2571 quin
781 2525 973 2558 sanctum
995 2516 1224 2557 Doctorem
1244 2514 1324 2556 hac
1342 2524 1460 2571 parto

110 2582 369 2624 contrarium
391 2583 598 2633 habeant,
625 2600 778 2642 negare
795 2601 879 2628 non
901 2592 1090 2641 possunt.
1117 2583 1262 2640 Neque
1286 2598 1384 2625 vero
1410 2583 1458 2624 ti-
