1768 3283
559 330 893 359 ANNOTATIONES.
1315 315 1399 372 ,493

56 406 254 448 continuo
277 405 402 448 addit.
438 406 685 449 Secundum
717 407 889 462 aliquid
923 417 1070 448 lamen
1103 407 1405 449 adversatuset'

56 476 225 518 dicitui.
243 477 293 517 Et
313 477 389 518 huc
404 478 562 520 ratione
584 478 775 520 Garnerii
789 476 1034 533 conjectura
1060 476 1403 518 confirmarifnmn

55 549 161 589 male
177 556 334 604 posset,
356 548 431 590 nisi
451 548 692 590 asseruisset
706 549 932 590 Photinum
957 553 1132 601 ὸμοουσίου
1158 548 1280 589 sidem
1309 563 1408 589 cou-

7 618 9 620 ’
55 626 210 660 stanter
222 618 412 661 tenuisse.
432 619 500 661 Sic
517 619 641 662 etiam
660 619 825 662 lociPP.
845 619 913 676 qui
934 619 1111 662 invicem
1131 619 1328 660 contrarii
1342 634 1410 676 ap·

55 697 217 745 parent,
233 689 585 732 conciliabuntur.
603 690 791 746 Namque
811 690 881 731 ubi
895 689 1072 730 traditur
1085 698 1280 746 negatum
1298 688 1408 730 abeo

58 759 240 802 Verbum
263 760 618 801 consubstantiale
634 775 723 802 csse
737 791 747 807 ,
768 759 848 802 hoc
867 761 917 801 ad
931 774 1067 801 veram
1097 760 1225 816 ipsius
1253 759 1410 815 opinio-

59 845 155 872 nem
177 830 257 871 erit
274 830 567 878 referendum;
592 830 663 870 ubi
683 845 781 870 vero
804 829 940 870 eidem
966 829 1135 870 attribui
1169 829 1407 885 oppositum

60 900 239 947 videtur,
252 899 353 941 illud
367 899 540 956 intelligi
554 900 605 940 de
618 900 798 940 secunda
811 899 1080 955 responsione
1094 899 1144 939 ad
1156 913 1279 954 quam
1295 911 1414 939 coac-

59 979 126 1013 tus
149 969 431 1027 confugiebat,
458 970 623 1027 poterit.
651 969 833 1011 Consule
851 970 903 1010 sis
922 970 1118 1011 eumdem
1142 968 1411 1015 Camerina),

59 1040 241 1083 Dissert.
270 1055 308 1087 1,
334 1040 385 1080 de
409 1039 573 1082 Haeres.
605 1050 643 1081 ει
675 1039 748 1081 lib.
779 1038 998 1082 Nestorii:
1024 1047 1089 1085 et,
1118 1046 1164 1079 ut
1187 1052 1415 1094 cognoscas

59 1127 151 1168 quae
186 1111 367 1153 rationes
407 1119 553 1153 contra
587 1126 683 1152 eum
723 1110 905 1158 faciunt,
946 1109 1244 1151 Alexandrum.
1289 1109 1413 1159 Quod

63 1190 201 1224 autom
223 1180 510 1239 superioribus
529 1181 693 1223 duobus
717 1180 923 1223 haereticis
946 1180 1115 1222 Arrium
1139 1178 1295 1236 jungit,
1315 1193 1413 1220 cum

63 1257 150 1295 toto
181 1252 263 1295 hoc
292 1267 417 1311 opere
439 1252 709 1310 impugnetur
728 1251 819 1309 ejus
843 1251 1024 1299 haeresis,
1040 1258 1087 1292 ut
1104 1248 1311 1306 inspicere
1323 1248 1415 1289 lec-

66 1333 132 1367 tor
148 1332 296 1382 potest.

460 1511 703 1539 ANNOTATIO
740 1495 801 1552 (3)
840 1509 931 1552 pag.
977 1507 1040 1535 12.

133 1661 227 1705 Non
268 1659 394 1702 alium
427 1657 630 1699 rusticum
660 1655 848 1712 designat
880 1652 1152 1700 Ambrosius,
1179 1667 1301 1708 quam
1327 1651 1427 1692 llio-

77 1732 274 1778 remiam3
296 1728 441 1771 alludit
460 1729 571 1769 enim
597 1729 648 1769 ad
671 1725 830 1768 ficuum
848 1723 1057 1772 calathos,
1081 1725 1131 1765 de
1150 1724 1300 1780 quibus
1318 1723 1430 1780 apud

79 1802 297 1849 eumdem,
325 1815 416 1856 cap.
443 1813 557 1847 xxiv,
587 1813 623 1846 ι,
647 1806 688 1839 et
706 1811 818 1852 seqq.

473 1991 716 2021 Armorum
752 1976 813 2034 (4)
848 1990 940 2033 pag.
985 1974 1047 2016 13.

147 2153 300 2196 Sensus
321 2166 420 2209 ergo
442 2158 504 2192 est
525 2148 731 2206 Angelum
756 2144 962 2187 indicasse
991 2142 1032 2184 in
1055 2142 1189 2183 tribus
1213 2141 1352 2198 pueris
1374 2142 1439 2183 di-

88 2224 280 2268 vinarum
307 2235 581 2281 personarum
603 2217 850 2261 Trinitatem
864 2212 1163 2272 significatam;
1201 2227 1283 2254 non
1317 2226 1438 2253 secus

94 2311 140 2337 ac
162 2295 203 2336 in
235 2309 277 2335 se
304 2292 375 2350 qui
398 2306 507 2332 unus
530 2297 642 2336 erat,
664 2286 930 2329 indicabatur
955 2282 1094 2324 unitas
1120 2281 1334 2339 potestatis
1368 2296 1442 2322 seu

95 2374 277 2413 naturae3
303 2378 483 2419 namque
504 2361 567 2403 hae
589 2373 711 2400 voces
739 2356 977 2415 promiscue
1006 2362 1220 2411 ponuntur
1251 2353 1304 2394 ab
1340 2351 1444 2393 Am-

96 2435 236 2479 brosio
268 2435 308 2476 in
338 2434 418 2475 hoc
458 2432 608 2489 Opere.
649 2429 773 2480 Quod
813 2435 953 2468 autem
992 2426 1168 2466 docetur
1208 2423 1247 2464 in
1284 2422 1444 2479 Augelo

97 2507 279 2552 extitisse
300 2505 375 2547 Dei
397 2503 571 2549 Filium;
600 2516 645 2543 ea
664 2498 869 2542 sententia
888 2511 972 2538 non
996 2495 1118 2536 unius
1133 2492 1343 2535 Ambrosii
1366 2502 1444 2540 cst,

99 2591 244 2619 verum
262 2575 387 2616 etiam
414 2588 495 2614 non
520 2584 751 2629 paucorum
781 2583 803 2609 e
827 2565 971 2624 priscis
998 2564 1202 2606 Patribus.
1234 2564 1316 2604 Hos
1341 2563 1449 2603 inter

101 2654 263 2697 auctor.
292 2644 454 2697 Quoest.
471 2640 564 2683 Vel.
583 2640 771 2682 Testam.
786 2637 950 2694 longius
964 2640 1360 2693 progressusquaest.
1377 2633 1447 2680 18,
