1768 3283
357 257 440 298 286
913 274 942 299 s.
983 273 1172 299 AMBROSlI

358 348 474 404 »ipso
502 357 638 389 creata
663 356 780 394 sunt,
807 357 847 388 ot
878 348 962 404 ipso
992 358 1053 388 est
1085 357 1178 388 anto
1212 362 1384 395 omnes,
1419 356 1459 388 ot
1486 349 1626 388 omniu
1661 349 1699 389 in

357 417 474 474 »ipso
508 417 738 457 constant&
759 416 1002 471 »Numquid
1025 432 1122 470 ergo
1149 416 1214 456 hic
1238 416 1346 456 inter
1375 425 1587 456 creaturas.
1611 417 1704 472 Spi-

356 485 483 529 ritum
502 494 691 527 sanctum
712 485 1062 540 comprehendit?
1084 485 1168 526 Aut
1190 501 1288 527 cum
1313 485 1414 526 dicit
1439 494 1534 526 ante
1559 500 1704 533 omne-s

358 573 447 600 esse
469 557 542 598 Dei
567 557 745 601 Filium,
774 555 978 610 numquid
1001 564 1096 596 ante
1127 558 1289 596 Patrem
1323 555 1478 597 dixisses
1495 556 1700 596 aestiman—

359 631 435 672 dns
452 627 537 668 est?
561 625 649 667 Non
668 624 833 680 utique3
856 639 949 664 nam
969 624 1076 665 sicut
1095 623 1162 664 hic
1182 638 1256 680 per
1274 624 1424 665 Filium
1449 623 1547 664 dicit
1569 624 1706 667 omnia

362 706 499 740 creata
520 708 609 736 esse
628 727 636 741 ‚
661 702 702 734 et
726 693 765 732 in
787 695 873 749 ipso
892 692 1030 733 omnia
1053 700 1246 734 eonstare
1270 692 1452 741 coelestia
1475 708 1484 733 :
1509 693 1562 733 ita
1583 692 1703 733 etiam

361 767 402 808 in
424 764 583 822 Spiritu
605 769 751 803 sancto
783 762 889 802 vires
917 762 1072 802 habore
1096 762 1288 803 universa
1316 762 1499 803 coelestia
1527 762 1705 802 dubitari

360 851 444 879 non
471 832 821 891 potest,-quando
843 832 1000 872 lectum
1023 840 1086 872 est
1106 847 1114 872 :
1133 830 1303 872 «Verbo
1328 831 1495 873 Domini
1519 831 1611 874 coeli
1637 831 1708 872 fir-

365 904 493 946 »mali
522 909 642 948 sunt,
673 909 716 942 et
756 899 914 956 Spiritu
936 900 1017 942 oris
1043 899 1132 955 ejus
1165 901 1298 942 omnis
1322 901 1451 942 virtus
1479 901 1664 943 e01·um².
1685 920 1697 940 ι

362 976 498 1031 Super
525 972 662 1014 omnia
690 979 753 1012 est
776 971 925 1027 igitur,
964 972 1014 1012 de
1042 987 1124 1027 qno
1159 981 1220 1012 est
1251 972 1386 1012 onmis
1415 972 1648 1014 coelestium
1671 980 1711 1014 vt

361 1043 623 1088 terrestrium
642 1041 786 1082 virtus.
808 1039 891 1090 Qui
912 1040 1036 1096 igitur
1053 1056 1180 1097 super
1198 1041 1332 1082 onmia
1351 1050 1438 1090 est,
1458 1041 1602 1097 utique
1626 1055 1709 1082 non

366 1113 491 1157 servit
512 1127 521 1153 t
542 1112 611 1168 qui
633 1125 717 1152 non
736 1109 882 1156 servit,
907 1110 1014 1151 liber
1030 1118 1091 1151 est
1112 1125 1120 1150 ε
1142 1111 1212 1166 qui
1236 1109 1342 1151 liber
1359 1119 1442 1159 est,
1468 1108 1597 1152 habet
1618 1109 1711 1166 jura

364 1183 616 1229 dominatus.

420 1252 551 1298 XLV.
599 1251 688 1293 Hoc
724 1249 755 1291 si
791 1265 812 1291 a
847 1249 1053 1307 principio
1095 1250 1277 1291 dicerem
1303 1282 1314 1299 ,
1352 1258 1590 1307 negaretur.
1628 1249 1714 1292 Sed

367 1321 726 1381 quemadmodum
746 1319 805 1381 iili
824 1319 984 1360 minora
1005 1328 1179 1376 negant,
1209 1335 1258 1360 no
1276 1319 1435 1376 majora
1455 1320 1680 1361 credantur
1700 1336 1710 1361 :

368 1396 422 1437 ita
460 1402 501 1435 et
535 1406 610 1433 nos
636 1391 799 1431 minora
830 1389 1155 1446 praemittamus,
1182 1399 1229 1430 ut
1252 1398 1322 1431 aut
1350 1388 1566 1446 perfidiam
1595 1405 1713 1432 suam

369 1464 494 1507 etiam
518 1461 557 1502 in
581 1460 810 1502 minoribus
831 1460 1010 1516 prodant
1031 1475 1039 1500 :
1063 1468 1132 1500 aut
1153 1459 1186 1500 si
1204 1460 1267 1500 vel
1287 1459 1519 1500 minoribus
1538 1473 1715 1501 consen-

369 1533 503 1579 tiunt,
526 1530 685 1586 majora
703 1531 753 1570 de
777 1529 1011 1570 minoribus
1035 1530 1293 1586 colligamus.

428 1601 573 1644 XLvl.
613 1599 807 1641 Arbitror
823 1631 833 1647 ,
854 1599 1179 1640 clementissime
1197 1599 1430 1655 Imperator
1445 1631 1455 1647 ,
1476 1599 1715 1655 plenissime

373 1672 610 1713 confutatos
632 1684 701 1710 eos
716 1701 726 1716 ,
753 1669 822 1723 qui
844 1669 998 1709 audent
1017 1669 1123 1709 inter
1147 1669 1284 1709 omnia
1301 1667 1501 1724 Spiritum
1524 1677 1715 1709 sanctum

371 1748 629 1796 computare.
660 1738 744 1780 Sed
761 1746 899 1778 tamen
918 1747 963 1779 ut
981 1737 1112 1778 sciant
1135 1754 1176 1778 se
1191 1753 1276 1779 non
1296 1746 1457 1778 tantum
1479 1739 1717 1795 apostolicis

371 1807 644 1854 testimoniis,
685 1808 757 1848 sed
793 1807 919 1847 etiam
959 1807 1187 1848 Dominicis
1225 1807 1465 1864 perurgeri3
1504 1808 1718 1863 quomodo

371 1882 526 1921 audent
553 1879 661 1919 inter
677 1877 817 1918 omnia
837 1892 1059 1919 numerare
1082 1877 1283 1933 Spiritum
1301 1886 1495 1918 sanctum
1510 1909 1519 1926 ,
1551 1878 1718 1933 quando

374 1950 461 2005 ipso
494 1947 695 1988 Dominus
723 1946 826 1988 dixit
857 1946 988 1997 :¹·Qui
1017 1946 1367 2004 blasphemaverit
1389 1947 1430 1988 in
1461 1946 1612 1988 Filium
1643 1947 1718 1993 ho,-

370 2038 386 2057 ι
402 2018 524 2059 minis
541 2049 550 2064 ‚
575 2016 816 2058 remittetur
838 2016 874 2056 ei
901 2031 910 2057 ι
930 2016 1000 2072 qui
1019 2026 1158 2058 autem
1182 2015 1533 2073 blasphemaverit
1558 2016 1600 2057 in
1626 2015 1722 2073 Spi-

372 2089 528 2130 »ritum
547 2095 754 2134 sanetum,
775 2101 854 2128 nec
873 2087 956 2132 hic,
979 2087 1115 2128 necin
1134 2087 1322 2129 futurum
1343 2086 1584 2130 remittetur
1600 2086 1654 2127 ei³
1669 2086 1710 2127 Ρ»

368 2158 598 2208 Quomodo
621 2156 746 2213 igitur
768 2157 876 2197 inter
895 2165 1106 2198 creaturas
1125 2159 1250 2198 audet
1274 2156 1494 2212 qnisquam
1517 2156 1721 2213 Spiritum

361 2226 653 2284 *computarei‘
674 2227 759 2268 Aut
783 2226 875 2282 quis
902 2227 960 2268 sic
987 2242 1029 2267 se
1052 2227 1231 2282 obligat,
1252 2235 1297 2267 ut
1320 2226 1351 2267 si
1379 2233 1578 2267 creaturae
1603 2227 1722 2267 dero·

373 2299 554 2358 gaverit‚
594 2312 678 2338 non
716 2305 833 2352 putet
868 2297 947 2337 sibi
977 2297 1058 2338 hoc
1101 2298 1239 2353 aliqua
1276 2296 1393 2338 venia
1422 2297 1722 2338 relaxandum?

370 2368 476 2412 Nam
511 2368 542 2408 si
572 2366 732 2414 Judaei‚
769 2367 865 2422 quia
893 2368 1172 2408 adoraverunt
1201 2367 1389 2408 militiam
1414 2365 1554 2413 coeli⁴,
1582 2367 1721 2408 divino

373 2437 564 2495 praesid'io
597 2437 781 2479 destituti
811 2445 907 2478 sunt
933 2452 942 2477 ε
970 2436 1040 2492 qni
1072 2444 1210 2477 antem
1247 2437 1391 2477 adorat
1426 2443 1468 2477 et
1497 2434 1722 2480 confitetur

432 2548 438 2562 ¹
464 2539 585 2571 Coloss.
614 2551 649 2579 ι,
683 2540 744 2579 ι6,
785 2550 829 2582 ¹7·
870 2557 905 2564 —
935 2548 946 2562 ¹
985 2538 1053 2570 Psal
1095 2548 1207 2575 xxm,
1246 2538 1277 2570 6.
1306 2556 1345 2563 --
1375 2538 1387 2560 ³
1412 2537 1489 2570 Luc.
1518 2547 1576 2575 ιιι,
1606 2546 1654 2569 ιο.
1682 2553 1722 2561 -

373 2597 391 2623 4
413 2594 433 2634 4
460 2594 537 2637 Reg.
561 2602 641 2630 nu,
663 2594 710 2635 26.
