1768 3283
330 248 411 291 502
833 264 1161 294 ANNo'rAwasss.

683 435 924 464 ΑΝΝοΤΑΤιο
961 420 1050 479 (23)
1088 433 1179 479 pag.
1220 421 1315 464 251.

384 572 581 621 Hilarius,
603 587 693 616 can.
720 573 786 621 26.
813 572 853 615 in
876 572 1020 617 Matth.
1052 574 1117 618 De
1132 577 1217 634 sine
1232 609 1242 625 ‚
1262 576 1411 633 inquit,
1433 587 1675 633 temporum

337 659 491 686 maram
522 642 835 686 sollicitudinis
858 655 1016 688 nostra?
1037 647 1224 695 ademit,
1251 646 1367 688 diem
1391 646 1518 689 illum
1532 647 1677 688 dicens

329 715 503 755 nemini.
518 729 602 756 esse
620 715 845 773 cognitum
859 748 869 764 ‚
890 726 929 757 ει
950 731 1039 757 non
1053 716 1193 758 solum
1217 718 1415 773 Angelis,
1442 716 1515 759 sed
1537 717 1671 758 ctiam

326 784 415 827 sibi
435 785 705 842 ignoratum.
734 784 788 827 At
808 786 907 829 licet
929 786 982 828 ita
1010 786 1183 829 disserat
1209 786 1249 828 in
1280 787 1534 836 Mattheum‚
1570 785 1670 828 hinc

327 864 467 898 tamen
490 855 665 898 minime
685 856 888 912 probatur
917 872 1015 898 eum
1037 856 1127 899 haec
1149 858 1297 904 verba,
1325 873 1403 898 nee
1424 856 1587 906 Filias,
1609 857 1671 898 le-

323 926 431 982 gisse
454 925 564 983 apud
578 927 775 967 eumdem
794 926 1098 984 Evangelistam
1114 960 1124 976 ‚
1147 943 1245 970 cum
1262 927 1318 970 ita
1339 926 1579 970 ratiocinari
1600 940 1674 982 po·

324 994 453 1036 tuerit
483 1009 533 1036 ex
561 994 649 1036 aliis
682 994 768 1036 istis
785 1027 795 1042 ,
821 996 913 1036 πίει·
936 996 1051 1038 solas
1074 997 1234 1048 Pater;
1255 999 1322 1046 vel
1351 1005 1466 1039 certe
1489 997 1673 1039 alludere

322 1064 375 1105 ad
395 1064 537 1105 locum
560 1063 712 1112 Marci,
741 1064 813 1105 ubi
840 1064 1108 1108 exhibentur.
1135 1066 1434 1108 Verumtamen
1459 1080 1538 1107 nec
1564 1065 1674 1120 apud

321 1132 437 1175 hunc
466 1133 613 1174 eadem
638 1133 786 1190 legisse
803 1134 970 1177 videtur
986 1135 1258 1184 Ambrosius;
1286 1136 1441 1189 alioqui
1463 1134 1575 1177 enim
1592 1135 1673 1176 hae-

321 1202 463 1244 reticis
485 1203 676 1259 expedita
704 1203 850 1246 fuisset
869 1206 1085 1261 responsio
1109 1207 1198 1248 haec
1222 1207 1308 1263 ipsa
1326 1207 1365 1248 in
1384 1205 1512 1248 Marci
1534 1205 1673 1247 Evan-

325 1273 433 1330 gelio
447 1281 601 1316 extare.
619 1273 901 1332 Hieronymus
919 1291 1085 1332 quoque
1100 1277 1210 1318 idem
1228 1278 1408 1331 quodam
1424 1277 1551 1317 modo
1568 1275 1674 1316 indi-

323 1351 389 1384 cat
421 1343 462 1384 in
496 1344 694 1386 eumdem
721 1359 827 1387 vers.
863 1346 942 1393 56,
977 1360 1066 1402 cap.
1101 1362 1207 1389 xx1v.
1245 1347 1389 1389 Matth.
1425 1361 1520 1387 cum
1544 1360 1596 1386 ex
1623 1360 1672 1386 eo

320 1413 434 1468 quod
483 1422 713 1455 memorata
749 1415 874 1456 verba
922 1430 1004 1456 non
1051 1417 1315 1472 reperiantur
1358 1417 1397 1456 in
1447 1416 1590 1472 graecis
1632 1423 1673 1455 rt

320 1482 501 1524 maxime
533 1484 573 1524 in
601 1484 839 1526 Adamantii
867 1495 909 1526 et
934 1485 1055 1527 Pierii
1089 1487 1421 1539 exemplaribus,
1448 1499 1672 1542 argumen-

322 1560 409 1594 tum
438 1553 552 1594 elicit
596 1555 792 1596 adversus
830 1555 998 1596 Arrium
1041 1564 1165 1610 atque
1199 1556 1486 1597 Eunomium:
1521 1555 1673 1610 quihus

320 1622 466 1677 utique
489 1631 534 1664 ut
557 1622 653 1677 hjus
676 1624 847 1665 rationis
870 1624 951 1665 vim
970 1624 1201 1672 eliderent,
1227 1624 1461 1666 sufficiebat
1478 1657 1486 1671 ‚
1507 1623 1539 1664 si
1562 1624 1673 1680 apud

321 1693 508 1735 Marcum
542 1695 688 1735 eadem
727 1694 1003 1736 habebantur.
1055 1696 1180 1746 Quod
1218 1704 1357 1736 autem
1399 1696 1595 1736 Erasmus
1630 1694 1673 1734 in

323 1765 521 1805 eumdem
555 1764 738 1805 Matthaei
768 1765 908 1806 locum
930 1773 1120 1806 autumat
1143 1766 1216 1807 has
1238 1766 1346 1822 ipsas
1364 1779 1482 1812 voce,
1507 1780 1530 1806 e
1557 1772 1672 1805 textu

322 1833 505 1875 Matthaei
535 1835 718 1876 sublatas
744 1835 895 1883 fuisse,
932 1851 1028 1877 cum
1059 1852 1079 1878 a
1104 1837 1243 1878 Marco
1274 1836 1462 1890 ejusdem
1488 1834 1670 1877 Matthwi

320 1903 554 1946 breviatore
583 1905 843 1954 referantur;
876 1906 908 1947 is
941 1908 1091 1949 merito
1125 1907 1449 1962 reprehenditur
1479 1921 1499 1947 a
1525 1905 1672 1947 Grotio

321 1972 361 2013 in
397 1988 494 2014 eum
526 1975 692 2022 locum,
722 1975 889 2016 easdem
923 1976 1063 2032 potius
1086 1992 1136 2018 ex
1158 1977 1297 2019 Marco
1317 1976 1357 2017 in
1382 1975 1625 2018 Matthaeum
1651 1989 1671 2014 a

294 2041 497 2084 -librariis
529 2045 747 2086 translatas
778 2044 1024 2087 affirmante.
1066 2045 1149 2088 Sed
1185 2046 1322 2103 ipsum
1352 2045 1574 2087 consulere
1590 2045 1671 2086 lec-

320 2111 400 2154 tori
418 2113 529 2156 licet.

679 2257 919 2285 ANNOTATIO
958 2244 1045 2300 (24)
1084 2258 1175 2300 pag.
1217 2243 1312 2283 252.

382 2381 605 2432 Arcturus,
618 2384 689 2440 qui
706 2394 746 2427 et
760 2386 912 2428 Bootes
928 2394 969 2427 et
985 2386 1270 2442 Arctophylax
1290 2395 1478 2433 vocatur,
1496 2386 1671 2426 constel-

321 2451 420 2493 latio
441 2454 775 2509 septentrionalis
789 2488 798 2503 ‚
824 2456 1005 2512 primum
1024 2465 1149 2512 atque
1171 2456 1367 2497 ultimum
1390 2470 1544 2496 nomeu
1569 2455 1668 2496 hinc

328 2523 501 2578 adeptus
525 2532 612 2574 est,
634 2527 748 2581 quod
771 2536 885 2569 retro
906 2536 946 2569 et
968 2529 1083 2583 quasi
1103 2529 1153 2570 ad
1175 2529 1351 2568 caudam
1377 2527 1488 2567 Ursae
1509 2525 1667 2582 positus

329 2591 404 2639 sit,
432 2594 790 2648 quemadmodum
817 2596 939 2638 etiam
971 2598 1122 2640 Bootes
1160 2596 1313 2639 dicitur
1344 2597 1456 2652 quod
1483 2595 1598 2651 sequi
1622 2609 1668 2636 ac
