1768 3283
254 343 306 370 1)ss
336 342 502 370 INCARN.
541 341 683 369 DOMlN.
722 341 1012 374 SACRAMENTO,
1048 343 1128 369 [ΑΒ.
1167 343 1194 369 1.
1321 330 1407 384 [079

65 433 205 460 rer-um
224 418 412 459 omnium
430 451 439 465 ,
461 424 584 473 quani
607 417 742 460 Graeci
765 417 892 474 hylen
920 410 1090 467 dicunt,
1109 418 1226 473 quasi
1250 419 1406 474 sylvam

61 488 342 535 materialem,
377 487 603 543 ingenitam
635 503 724 530 esse
760 495 1062 529 memorarunt.
1094 485 1246 529 Vident
1285 486 1411 542 igitur

62 558 102 598 in
126 557 205 598 hoc
226 556 352 598 verbo
371 557 690 613 praerogativam
713 555 937 613 quamdam
962 556 1177 612 potcstatis
1203 571 1293 597 esse
1324 570 1409 597 non

62 641 184 684 posse
201 659 210 675 ,
232 627 310 668 nisi
334 626 440 668 sorte
462 627 543 668 hoc
566 627 695 669 verbo
718 627 796 669 sihi
815 627 1024 669 honorare
1047 626 1181 668 Deum
1195 625 1406 674 videntur,

61 710 144 751 quo
188 695 423 752 philosophi
477 697 684 738 mundum
723 705 978 754 putaverunt
1014 711 1103 738 esse
1151 696 1407 738 donandum.

61 765 277 821 Numquid
307 780 404 821 ergo
427 765 485 806 sic
513 766 721 822 ingenitus
752 767 888 814 Pater,
917 767 1026 808 sicut
1049 765 1406 807 mundusPAbsit.

63 834 147 877 Aut
160 834 229 876 hic
246 835 504 890 solusaDeum
519 837 641 877 decet
654 851 807 883 sermo,
821 851 917 877 cum
931 835 1041 877 Deus
1054 837 1160 876 ultra
1170 849 1414 876 sermonum

62 904 249 945 omnium
266 904 318 945 sit
335 904 551 946 ambitum.
568 904 680 947 Nihil
703 906 827 962 igitur
843 904 1072 962 pretiosum
1090 905 1177 945 Deo
1194 904 1236 945 in
1259 919 1308 946 eo
1331 919 1413 946 ser-

62 989 211 1021 mone,
236 974 305 1030 qui
339 974 575 1016 communis
599 975 727 1031 possit
748 991 838 1016 esse
860 990 957 1016 cum
979 974 1154 1016 caeteris·
1312 967 1315 970 ⁴

120 1043 248 1086 XCV.
288 1043 371 1085 Sed
400 1052 541 1085 tamen
571 1044 930 1101 quemadmodum
952 1043 1411 1092 vultis‚inaestimabilis

63 1114 115 1155 sit
142 1113 268 1169 hujus
301 1114 572 1170 praerogativa
591 1115 818 1162 sermonis,
845 1129 936 1171 quae
958 1129 1042 1156 non
1061 1114 1311 1156 auctoritate
1337 1114 1414 1155 ali-

63 1200 143 1242 qua
167 1185 421 1241 designatur,
445 1187 518 1226 sed
541 1194 676 1226 vestro
699 1185 927 1227 aestimatur
954 1185 1140 1227 arbitrio.
1167 1184 1262 1236 Quo
1286 1184 1413 1241 igitur

65 1256 145 1298 hoc
170 1254 358 1311 proficit,
381 1264 425 1297 ut
441 1270 491 1296 ex
511 1256 639 1297 verbo
662 1256 794 1297 velitis
821 1256 959 1297 facere
977 1256 1085 1297 inter
1104 1255 1270 1297 Patrem
1288 1263 1330 1296 et
1349 1255 1415 1296 Fi-

64 1326 166 1368 lium
191 1325 428 1366 distantiam
447 1334 624 1374 naturae,
650 1326 887 1368 distantiam
914 1324 1161 1383 potestatis?
1186 1324 1414 1381 Ingenitus,

66 1396 226 1453 inquit,
260 1404 301 1437 et
330 1397 494 1453 genitus
526 1412 612 1438 non
645 1406 824 1455 possunt
846 1398 969 1438 unius
1001 1411 1090 1438 esse
1112 1404 1270 1437 naturae
1297 1404 1420 1451 atque

73 1467 336 1514 substantiae3
364 1476 450 1515 aut,
475 1470 835 1523 quemadmodum
854 1468 1066 1508 interdum
1093 1466 1257 1514 dicunt,
1274 1465 1422 1522 inope·

73 1545 186 1578 ratus
209 1535 394 1578 etsaetus
415 1552 498 1579 non
523 1546 619 1579 sunt
639 1538 759 1580 unius
777 1547 951 1579 naturae.
976 1537 1119 1592 Neque
1138 1535 1250 1577 enim
1269 1535 1420 1576 discre-

74 1607 229 1648 tionem
256 1607 414 1648 saciunt
437 1607 610 1663 ingeniti
628 1616 669 1649 et
686 1607 914 1664 inoperati,
937 1622 1072 1663 neque
1095 1605 1335 1647 distantiam
1356 1619 1423 1646 vo-

73 1678 268 1720 luntesse
290 1677 397 1718 inter
417 1677 606 1734 genitum
630 1679 694 1719 vel
715 1687 927 1727 creatum,
952 1678 1077 1718 modo
1112 1684 1157 1717 ut
1185 1684 1421 1717 creaturam

74 1746 227 1789 Filium
246 1745 401 1787 dicant.

135 1816 283 1858 XCVI.
321 1816 478 1858 Ulcunt
513 1832 611 1874 ergo
646 1819 741 1874 quia
772 1818 892 1859 Pater
919 1832 1087 1858 omnem
1117 1833 1310 1867 causam,
1343 1818 1423 1862 hoc

76 1897 139 1928 est
177 1891 291 1929 αἰτίαν
340 1885 446 1927 sicut
482 1886 618 1928 Graeci
661 1888 828 1935 dicunt,
873 1901 1161 1943 supergressus
1179 1921 1189 1937 ‚
1231 1903 1327 1930 cum
1376 1905 1426 1931 ex

80 1956 158 1998 alio
181 1964 345 1996 creatus
368 1970 451 1996 non
473 1957 548 2005 sit,
572 1971 656 1997 non
681 1957 731 1998 sit
754 1957 864 1998 silius
882 1973 892 2004 ;
913 1971 1010 1998 cum
1034 1958 1177 2014 utique
1194 1959 1425 2001 substantia

80 2026 155 2074 sit,
183 2039 267 2066 non
294 2025 460 2067 aliunde
494 2026 746 2084 principium
777 2027 934 2068 habens
964 2028 1028 2068 vel
1053 2042 1246 2076 causam,
1273 2043 1323 2069 ex
1344 2044 1425 2085 qua

81 2097 129 2138 sit
157 2111 165 2136 :
190 2100 232 2136 et
252 2095 371 2143 ideo,
401 2096 618 2151 inquiunt,
650 2097 727 2138 alia
754 2097 842 2138 talis
875 2097 1112 2138 substantia
1140 2112 1228 2138 esse
1255 2113 1338 2138 non
1356 2114 1426 2156 po-

85 2174 177 2213 test,
201 2164 296 2221 quia
319 2166 459 2206 omnia
474 2181 524 2207 ex
544 2167 664 2208 Patre
689 2167 778 2209 Deo
800 2166 956 2208 habent
977 2167 1227 2207 subsistendi
1245 2182 1428 2211 causam.

85 2237 202 2278 Unde
226 2250 309 2276 non
337 2251 426 2277 esse
453 2237 676 2278 verisimile
702 2238 874 2286 dieunt,
899 2246 945 2278 ut
966 2237 1097 2278 Filius
1121 2237 1215 2292 quia
1241 2252 1290 2278 ex
1311 2238 1431 2281 Patre

84 2315 168 2353 est,
195 2313 235 2346 et
254 2319 304 2346 ex
326 2320 368 2346 se
390 2320 558 2348 causam
589 2322 672 2348 nou
711 2308 864 2349 haheat
881 2317 927 2349 ut
950 2308 1022 2355 sit,
1043 2308 1116 2348 sed
1139 2323 1188 2347 ex
1207 2308 1328 2348 Patre
1344 2341 1352 2355 ,
1377 2310 1430 2349 si-

85 2377 193 2417 milis
230 2377 281 2416 sit
316 2376 455 2418 Patri:
487 2393 585 2418 cum
612 2378 736 2420 Pater
769 2394 819 2420 ex
848 2379 926 2420 alio
960 2393 1128 2419 causam
1150 2394 1233 2418 non
1253 2379 1428 2429 habeat,

86 2447 216 2490 Filius
240 2455 396 2496 autem,
431 2456 476 2489 ut
499 2449 573 2506 ipsi
595 2451 789 2507 allegant,
811 2464 900 2491 esse
924 2464 1007 2490 non
1031 2448 1238 2505 potuerit,
1258 2449 1335 2491 nisi
1353 2450 1432 2493 hoc

89 2518 223 2574 ipsum
241 2533 291 2559 ex
306 2518 426 2561 Patre
450 2527 496 2561 ut
517 2529 649 2569 esset,
676 2521 896 2578 acceperit.

150 2587 319 2630 XCVII.
358 2589 540 2646 ideoque
557 2590 789 2648 ingenitum
809 2599 851 2632 et
872 2591 1059 2647 genitum
1084 2592 1230 2633 dicunt
1247 2605 1336 2633 esse
1355 2591 1438 2634 dis·

92 2658 291 2706 similem3
315 2659 429 2715 quasi
462 2674 559 2701 vero
574 2692 584 2709 ,
613 2661 726 2717 quod
747 2661 841 2702 alibi
863 2676 970 2718 saepe
989 2660 1072 2718 jam
1097 2662 1202 2710 dixi,
1223 2663 1435 2719 generatio
