1768 3283
515 312 565 338 ηε
599 311 709 343 Fine,
746 310 823 336 mn.
864 310 894 335 v.
1303 296 1382 335 2353

97 387 372 431 CXXXVIII.
419 388 548 429 Filius
582 395 776 445 paternae⁹
798 394 860 427 est
894 385 1031 441 imago
1070 384 1314 425 substantiae
1336 385 1347 405 ¹
1376 400 1385 425 ε

38 459 172 500 omnis
219 468 356 500 autem
397 467 584 499 creatura
628 456 836 498 dissimilis
881 469 1074 512 supernae
1115 453 1354 495 substantiae
1376 486 1386 501 ,

39 529 111 571 sod
140 544 223 570 non
250 528 457 570 dissimilis
488 528 563 570 Dei
600 528 734 569 Patris
763 526 892 567 Filius
916 541 924 567 :
950 540 1032 566 non
1065 534 1166 581 ergo·
1197 518 1386 565 creatura

39 600 182 642 Filius.

99 668 343 711 CXXXIX.
381 668 510 709 Filius
547 682 630 709 nou
665 667 855 724 rapinam
888 665 1112 707 arbitratus
1146 672 1208 705 est
1237 678 1325 705 esse
1348 679 1391 705 se

41 741 240 796 aequalem
266 738 379 781 Deo²
403 753 413 779 ι
435 738 505 779 sed
524 739 635 779 nulla
662 746 852 779 creatura
878 736 1047 792 aequalis
1074 735 1162 777 Deo
1180 767 1190 783 ‚
1220 734 1388 791 aequalis

45 818 183 851 autem
209 808 338 849 Filius
362 823 370 849 ε
400 823 484 849 non
513 822 611 864 ergo
634 816 825 848 creatura
844 807 988 847 Filius.

102 878 223 920 CXL.
261 878 407 919 Omnis
446 886 636 919 creatura
673 877 923 918 mutabilis:
965 877 1037 917 sed
1068 889 1151 916 non
1181 872 1393 915 mutabilis

45 949 122 991 Dei
144 949 273 990 Filius
298 964 306 990 :
334 963 416 990 non
440 962 538 1004 ergo
558 956 746 990 creatura
772 947 846 990 Dei
869 947 1009 987 Filius.

104 1019 248 1061 CXLI.
287 1019 433 1061 Omnis
453 1027 645 1060 creatura
665 1018 896 1060 accidentia
918 1026 959 1059 et
980 1017 1080 1058 boni
1099 1024 1141 1057 et
1158 1015 1255 1057 mali
1284 1013 1393 1055 reci-

45 1089 106 1146 pit
125 1104 207 1130 suae
230 1090 461 1146 capacitate
479 1097 653 1135 naturae,
674 1089 904 1144 cademque
924 1086 1210 1128 decessionem
1234 1084 1360 1126 sentit
1382 1099 1390 1125 :

48 1158 123 1199 Dei
150 1166 289 1199 autem
310 1158 414 1199 Filio
443 1158 547 1199 nihil
579 1165 714 1214 potest
742 1173 793 1199 ex
814 1157 905 1213 ejus
940 1156 1163 1198 Divinitate
1184 1155 1250 1197 vel
1272 1155 1398 1195 dece-

49 1229 147 1269 dere
164 1229 228 1269 vel
253 1229 454 1270 accedere
475 1245 484 1268 :
506 1243 589 1269 non
612 1243 710 1285 ergo
729 1237 921 1270 creatura
948 1227 1023 1268 Dei
1043 1226 1187 1267 Filius.

108 1299 272 1341 CXLII.
312 1298 449 1341 Omne
473 1314 577 1355 opus
600 1314 721 1340 suum
746 1299 928 1339 adducet
944 1298 1055 1338 Deus
1079 1296 1120 1337 in
1142 1293 1394 1351 judicium³‚

51 1369 121 1410 sed
139 1368 212 1410 Dei
236 1368 365 1409 Filius
392 1383 475 1409 non
499 1368 723 1409 adducitur
750 1368 789 1408 iu
819 1367 1046 1423 judiciium
1068 1366 1162 1422 quia
1186 1366 1273 1422 ipse
1292 1364 1399 1421 judi-

52 1445 146 1479 cat:
173 1453 255 1479 non
281 1454 378 1495 ergo
398 1446 588 1479 creatura
612 1437 686 1479 Dei
713 1438 857 1479 Filius.

112 1507 293 1549 CXLIII.
327 1508 544 1549 Postremo
566 1515 609 1547 ut
629 1508 830 1548 unitatem
850 1505 1054 1561 intelligas
1069 1536 1079 1552 ‚
1105 1504 1156 1546 de
1179 1504 1325 1545 ovibus
1344 1503 1403 1544 di-

54 1593 151 1618 ceus
176 1577 395 1619 Salvator:
422 1595 437 1615 α
457 1577 603 1620 Nullus
618 1610 628 1624 ‚
664 1576 823 1632 inquit,
844 1576 955 1632 rapit
975 1590 1042 1616 eas
1065 1576 1117 1616 de
1139 1588 1268 1615 manu
1289 1588 1394 1614 mea.

53 1647 206 1688 »Pater
238 1650 349 1703 quod
381 1647 496 1688 dedit
527 1646 658 1696 mihi,
693 1645 827 1703 majus
858 1646 1053 1687 omnibus
1084 1653 1170 1694 est,
1200 1653 1240 1685 et
1279 1658 1403 1685 nemo

55 1725 221 1774 »potest
242 1732 388 1774 rapere
411 1718 462 1758 de
490 1731 617 1757 manu
651 1716 782 1758 Patris
809 1716 906 1758 mei.
942 1715 1030 1772 Ego
1060 1723 1102 1756 et
1124 1716 1246 1756 Pater
1273 1728 1406 1755 uuum

59 1807 71 1825 ι
87 1801 230 1828 sumus
244 1787 272 1830 ⁴.
298 1806 312 1825 n

118 1856 297 1900 CXLIV.
335 1857 404 1899 Sic
440 1856 621 1899 vivificat
654 1857 784 1898 Filius
804 1889 812 1903 ,
849 1865 894 1898 ut
928 1856 1080 1897 Pater:
1107 1873 1120 1893 «
1146 1854 1264 1896 Sicut
1294 1853 1407 1895 enim

58 1929 209 1970 »Pater
232 1929 404 1971 suscitat
426 1937 613 1970 mortuos
644 1937 684 1969 et
721 1926 925 1975 vivificat3
964 1927 1022 1968 sic
1065 1936 1106 1969 et
1137 1927 1266 1968 Filius
1304 1940 1408 1982 quos

61 2001 201 2048 nult,
228 1999 449 2042 vivificat⁵.
476 2018 491 2037 n
517 1999 584 2040 Sic
613 1999 784 2040 suscitat
808 1998 962 2045 Filius,
990 2006 1035 2039 ut
1056 1997 1202 2038 Pater:
1227 1996 1285 2037 sic
1307 2010 1411 2037 cou-

63 2077 199 2111 servat
227 2070 356 2110 Filius
375 2102 384 2117 ,
412 2078 457 2110 nt
486 2069 620 2110 Pater.
657 2068 739 2118 Qui
775 2082 859 2108 nou
894 2067 1028 2123 impar
1051 2075 1113 2108 est
1133 2066 1289 2122 gratia,
1311 2081 1411 2122 quo-

64 2141 191 2181 modo
215 2140 351 2197 impar
368 2140 679 2197 estpotestate?
703 2138 771 2179 Sic
790 2138 912 2179 etiam
932 2152 1015 2178 non
1039 2137 1178 2194 perdit
1193 2136 1345 2184 Filius,
1372 2145 1416 2178 ut

63 2210 198 2252 Pater.
227 2211 277 2252 Et
301 2210 394 2251 ideo
419 2225 470 2251 ne
493 2210 584 2266 quis
603 2210 666 2250 vcl
687 2210 792 2251 duos
815 2209 913 2250 deos
941 2207 1156 2255 crederet,
1174 2207 1236 2248 vel
1260 2207 1414 2248 discre-

23 2308 33 2315 ·
67 2281 223 2322 tionem
260 2281 475 2338 potcstatis
513 2281 762 2327 induceret,
798 2294 929 2320 unum
958 2294 1001 2319 se
1033 2292 1122 2319 esse
1157 2292 1255 2319 cum
1295 2277 1416 2318 Patre

67 2349 179 2391 dixit.
207 2351 254 2392 Id
273 2351 628 2406 quemadmodum
647 2358 785 2408 potest
804 2347 942 2390 dicere
965 2348 1187 2390 creatura?
1207 2348 1299 2390 Non
1318 2364 1416 2405 erge

70 2429 259 2462 creatura
286 2421 361 2461 Dei
383 2421 513 2462 Filius
537 2430 610 2462 cst.
641 2444 649 2451 ι
795 2412 798 2415 ’

133 2490 291 2532 CXLV.
330 2490 421 2533 Non
446 2491 556 2532 idem
579 2499 641 2532 est
660 2505 837 2548 regnare
860 2498 900 2531 et
926 2489 1079 2531 servire
1104 2503 1114 2532 ε
1141 2488 1330 2530 Christus
1345 2503 1420 2530 au-

121 2601 128 2614 ¹
152 2592 253 2624 Hebr.
276 2604 298 2630 ι,
319 2593 350 2623 5.
366 2608 406 2616 ’-
424 2602 435 2617 ¹
458 2592 575 2636 Philip.
593 2604 631 2631 u,
649 2593 726 2626 6.-
743 2593 755 2615 ³
772 2591 878 2623 Eccle.
893 2590 1023 2628 x=1,1s1.
1042 2590 1230 2622 --4J0a1].
1250 2600 1282 2629 x,
1302 2600 1353 2631 29,
1372 2590 1424 2622 Tu).

76 2663 113 2670 —
136 2648 147 2668 5
171 2645 220 2679 Id.
245 2656 276 2683 v,
303 2656 355 2678 21.
