1768 3283
514 282 565 307 DE
600 280 708 312 Fine,
745 280 822 306 Lm.
862 279 898 305 v,
1310 268 1387 308 203

99 360 247 402 XLIII.
284 360 475 418 Denique
514 368 622 401 tanta
663 359 811 401 veritas
851 357 1020 400 unitatis
1053 366 1138 405 ost,
1178 366 1223 399 ut
1264 359 1388 400 otiam

44 432 210 489 quando
238 440 386 473 natura
421 433 505 472 sola
546 430 824 488 generationis
857 437 927 470 aut
961 429 1097 471 carnis
1134 428 1393 485 significatur

43 503 261 550 humanae,
286 511 327 543 et
354 518 460 543 unus
484 502 613 544 homo
641 502 691 542 de
718 500 858 541 multis
891 500 1070 547 dicatur,
1100 498 1209 540 sicut
1229 498 1357 560 halms
1379 513 1389 540 :

55 572 293 614 nDominus
330 572 433 614 mihi
469 572 651 629 adjutor,
700 586 784 613 non
823 570 980 612 timebo
1022 569 1092 626 qui
1128 569 1253 611 saciat
1289 569 1392 611 mihi

44 643 243 692 »homo¹,
274 660 289 681 »
320 642 362 684 id
394 651 479 691 est,
518 657 601 684 non
633 656 714 683 una
749 656 926 698 persona
954 640 1161 688 hominis,
1201 640 1274 682 sed
1310 654 1393 681 una

45 728 141 756 caro
154 703 167 760 ,⁴
186 719 226 754 et
249 726 329 754 una
352 712 548 769 fragilitas
570 712 848 769 generationis
872 712 1079 753 humanm.
1116 711 1167 752 Et
1194 711 1353 753 addidit
1379 725 1388 752 ε

56 799 71 820 (ι
95 783 262 825 Bonum
292 791 353 823 est
383 797 549 838 sperare
581 782 621 822 in
652 781 863 834 Domino,
887 795 1013 838 quam
1046 795 1213 837 sperare
1247 781 1288 823 in
1320 782 1393 823 ho-

45 851 228 894 ·mine'.
252 870 267 890 ι
290 851 374 894 Nec
396 851 464 893 hic
483 851 627 907 utique
650 852 874 908 specialem
902 850 1144 901 hominem,
1170 853 1243 893 sed
1266 865 1396 907 gene-

45 923 175 964 ralem
198 922 482 964 conditionem
498 921 738 978 designavit.
772 921 962 977 Denique
980 921 1119 962 statim
1143 920 1325 976 subjecit
1344 920 1394 962 de

46 993 238 1051 pluribus
259 1007 268 1034 :
295 1010 310 1031 «
327 993 493 1035 Bonum
517 1001 579 1035 est
599 991 811 1035 confidere
840 994 880 1034 in
909 992 1091 1034 Domino
1107 1025 1117 1041 ,
1143 1006 1268 1048 quam
1297 1006 1397 1033 cou-

48 1063 261 1107 »fiderein
274 1062 577 1122 principib11s³.
598 1062 712 1105 »Sed
735 1063 946 1104 ubihomo
973 1063 1142 1111 dicitur,
1168 1070 1325 1104 naturae
1341 1062 1399 1104 in-

48 1136 236 1183 terdum,
263 1143 457 1194 utsupra
483 1133 682 1181 diximus,
705 1134 940 1175 communis
965 1134 1075 1175 inter
1098 1147 1243 1174 omnes
1260 1132 1398 1173 unitas

49 1203 307 1261 significatur
329 1219 337 1245 ε
363 1204 434 1245 uhi
460 1204 692 1261 principes,
713 1204 922 1245 variarum
950 1205 1140 1261 quaedam
1167 1202 1400 1245 differentia

49 1283 302 1333 potestatum
326 1283 399 1317 est.

107 1345 255 1388 XLIV.
294 1345 378 1387 Sed
400 1345 508 1387 inter
529 1345 721 1387 homiues
745 1354 816 1388 aut
839 1346 879 1387 in
904 1346 1147 1388 hominibus
1177 1345 1298 1387 unius
1332 1345 1401 1387 ali-

53 1415 173 1471 cujus
201 1416 260 1457 rei
289 1416 425 1458 unitas
457 1425 540 1467 cst,
575 1426 646 1458 aut
675 1416 911 1465 charitatis,
948 1426 1018 1458 aut
1040 1416 1304 1473 cupiditatis,
1329 1424 1401 1457 aut

52 1485 210 1532 carnis,
231 1494 300 1527 aut
317 1487 548 1528 devotionis
570 1495 611 1529 et
639 1486 734 1529 fidei
757 1503 765 1528 :
793 1487 995 1543 generalis
1019 1495 1157 1528 autem
1179 1485 1315 1527 unitas
1331 1517 1342 1534 ,
1362 1493 1404 1527 ct

52 1570 144 1610 quae
169 1555 209 1596 in
227 1570 270 1596 se
287 1557 521 1597 secundum
541 1556 778 1598 Divinitatis
794 1558 966 1614 gloriam
994 1556 1295 1613 complectitur
1317 1570 1403 1597 om-

52 1624 118 1665 nia
133 1657 142 1672 ,
169 1625 294 1666 solius
315 1634 376 1666 est
398 1626 528 1667 Patris
553 1635 594 1667 et
612 1627 705 1668 Filii
725 1636 766 1668 et
781 1627 960 1683 Spiritus
980 1628 1128 1670 sancti.

110 1693 234 1736 XLV.
276 1696 392 1736 Unde
414 1703 455 1736 et
471 1695 676 1737 Dominus
701 1712 797 1738 cum
816 1697 1097 1738 diversitatem
1131 1697 1241 1738 inter
1267 1711 1310 1738 se
1336 1696 1408 1737 ho-

53 1764 209 1805 minum
226 1765 473 1822 designaret,
494 1766 679 1822 quinihil
698 1767 854 1809 habent
878 1768 986 1808 iuter
1009 1783 1051 1809 se
1073 1768 1186 1823 quod
1208 1767 1337 1824 possit
1356 1766 1405 1808 ad

54 1835 257 1878 unitatem
277 1836 499 1878 individuae
517 1837 755 1879 substantiae
774 1838 983 1894 pertinere
1001 1854 1009 1879 ε
1027 1856 1041 1875 (ι
1060 1839 1104 1878 Iu
1124 1837 1234 1894 Lege
1251 1847 1402 1886 vestra,

57 1925 71 1945 »
86 1907 234 1963 inquit,
274 1908 477 1965 scriptum
507 1917 585 1956 est,
608 1911 720 1966 quod
747 1911 926 1951 duorum
962 1910 1184 1951 hominum
1223 1910 1408 1951 testimo-

56 1978 203 2020 »nium
234 1993 381 2021 verum
420 1980 524 2022 est⁶.
560 1999 574 2019 »
599 1980 650 2022 Et
687 1995 783 2022 cum
819 1980 1121 2037 praemisisset:
1159 1998 1175 2018 <t
1210 1981 1402 2022 Duorum

55 2067 71 2087 n
87 2049 305 2090 hominum
329 2049 615 2091 testimonium
643 2066 787 2092 verum
806 2060 888 2098 est;
919 2051 991 2092 ubi
1011 2051 1124 2092 venit
1147 2052 1198 2092 ad
1220 2066 1339 2092 suum
1367 2059 1408 2092 ot

56 2119 186 2161 Patris
216 2119 523 2167 testimonium,
554 2136 639 2162 non
672 2122 773 2163 dixit
803 2137 812 2161 :
848 2121 1001 2163 Verum
1031 2130 1092 2163 cst
1119 2121 1406 2163 testimonium

58 2198 247 2231 nostrum
269 2222 279 2238 ,
312 2191 409 2247 quia
445 2192 623 2232 duorum
658 2193 833 2233 deorum
868 2192 1153 2233 testimonium
1186 2200 1268 2238 est;
1303 2193 1405 2232 sed:

69 2276 84 2297 (t
102 2259 209 2316 Ego,
231 2259 390 2316 inquit,
415 2276 506 2302 sum
533 2262 604 2317 qui
624 2262 909 2303 testimonium
933 2262 1134 2318 perhibeo
1158 2263 1207 2303 de
1222 2262 1405 2318 meipso,

58 2349 73 2367 ι)
88 2338 129 2371 et
151 2330 438 2372 testimonium
460 2332 656 2389 perhibet
674 2332 723 2373 de
746 2347 836 2380 me,
858 2332 928 2388 qui
952 2332 1063 2373 misit
1087 2347 1175 2380 me,
1196 2331 1358 2373 Paterf'.
1382 2349 1398 2370 n

60 2398 192 2457 Supra
225 2415 392 2457 quoque
420 2402 610 2444 similiter
645 2403 699 2445 ait
720 2419 728 2444 ε
757 2422 771 2441 (ι
789 2403 840 2443 Et
861 2403 891 2444 si
911 2403 1053 2458 judico
1077 2417 1152 2459 ego
1168 2434 1177 2449 ‚
1201 2402 1407 2458 judicium

60 2486 232 2513 »meum
253 2487 399 2515 verum
429 2482 511 2522 est3
545 2475 641 2531 quia
673 2476 784 2516 solus
814 2490 898 2516 non
924 2489 1037 2522 sum,
1067 2475 1138 2515 sed
1167 2488 1243 2530 ego
1272 2481 1313 2515 et
1339 2473 1409 2529 qui

113 2585 120 2598 ¹
149 2576 219 2607 Psal
257 2587 343 2608 cxvii
363 2600 372 2618 ,
398 2579 431 2611 6.
458 2596 498 2604 --
527 2587 538 2602 ¹
571 2579 656 2612 lbid.
684 2591 716 2621 9.
743 2597 778 2604 —
810 2580 823 2602 ³
851 2578 937 2610 lbid.
959 2578 990 2609 8.
1023 2595 1059 2602 —
1092 2579 1104 2606 4
1137 2578 1234 2610 Joan.
1255 2588 1325 2615 uu,
1358 2588 1406 2619 ¹7·

65 2647 102 2654 —
126 2633 137 2653 ⁵
166 2630 252 2666 lbid.
275 2632 322 2666 18,
