1768 3283
356 302 437 356 298
898 315 927 342 S.
970 316 1158 342 Animosu

355 390 643 433 »Hierusalem
664 399 707 434 et
732 391 773 433 in
798 391 912 433 omni
932 390 1076 434 Judaea
1102 402 1144 434 et
1165 392 1351 435 Samaria
1375 409 1507 450 usque
1529 393 1572 437 in
1598 392 1702 437 fines

355 478 369 498 n
386 460 544 503 terrae¹.
565 479 581 500 n

412 531 597 573 LXXVI.
637 530 1031 590 Incircumscriptus
1066 532 1191 589 igitur
1227 541 1268 574 et
1301 531 1487 574 infinitus
1522 532 1702 590 Spiritus

362 601 634 656 sanctus‚qui
657 616 699 642 se
710 601 1021 657 Discipulorum
1035 601 1222 642 sensibus
1240 617 1316 658 per
1337 610 1619 658 separatarum
1643 601 1704 643 di·
1750 634 1751 637 η

362 671 494 713 vortia
522 671 701 712 discreta
731 671 977 729 regionum,
1004 680 1272 727 remotosque
1303 670 1406 712 fines
1439 671 1566 713 totius
1597 671 1710 713 orbis
1749 664 1751 669 ¹

362 741 532 790 infudit,
562 757 688 798 quem
716 741 820 783 nihil
850 751 990 799 potest
1020 742 1235 799 praeterire
1263 743 1326 783 vel
1358 742 1514 784 fallere.
1543 742 1594 784 Et
1615 741 1711 785 ideo

362 820 530 854 sanctus
552 812 685 853 David
703 812 757 853 ait
777 827 785 853 :
803 812 927 865 «Quo
943 812 1012 854 ibo
1032 828 1051 854 a
1071 812 1228 869 Spiritu
1251 821 1344 860 tuo,
1367 820 1437 854 aut
1459 827 1542 869 quo
1564 827 1585 854 a
1602 813 1708 855 facie

365 890 465 925 „tua
502 881 739 939 fngiam²Pn
760 883 820 924 De
845 898 928 940 quo
966 883 1125 940 Angelo
1152 883 1367 940 Scriptura
1395 883 1475 925 hoc
1502 882 1636 925 dicit?
1663 884 1716 926 de

365 968 446 1009 qua
479 952 804 994 Dominatione?
837 954 888 995 de
921 968 1001 1009 qua
1036 953 1277 996 PotestateiJ
1302 953 1432 1009 Cujus
1455 953 1717 996 inveniemus

366 1012 515 1078 Angeli
533 1022 729 1063 virtutem
756 1038 830 1078 per
847 1024 1051 1080 plurimos
1074 1039 1164 1065 esse
1188 1023 1413 1065 diffusam?
1434 1023 1582 1080 Angeli
1605 1023 1719 1065 enim

365 1092 417 1132 ad
449 1107 602 1147 paucos
634 1092 934 1141 mittebantur,
975 1093 1151 1150 Spiritus
1187 1101 1326 1134 autem
1355 1101 1525 1134 sanctus
1552 1093 1720 1150 populis

367 1161 682 1205 infundebatur.
711 1163 814 1213 Quis
839 1162 967 1220 igitur
988 1164 1152 1205 dubitet
1173 1164 1272 1220 quin
1297 1163 1484 1205 divinum
1505 1163 1582 1212 sit,
1607 1165 1723 1220 quod

369 1232 604 1273 infunditur
617 1232 740 1274 simul
755 1233 961 1289 pluribus,
981 1249 1059 1275 nec
1074 1234 1239 1275 videtur
1259 1249 1267 1275 :
1290 1248 1541 1290 corporeum
1561 1242 1721 1282 autem,

373 1304 486 1359 quod
507 1311 548 1344 et
568 1303 733 1344 videtur
756 1318 775 1343 a
799 1303 992 1360 singulis,
1012 1312 1052 1344 et
1071 1303 1268 1345 tenetur?

431 1372 639 1415 LXXVII.
687 1372 780 1413 Sed·
803 1373 1164 1428 quemadmodum
1197 1372 1463 1414 sanctificans
1502 1371 1725 1430 Apostolos

373 1441 551 1498 Spiritus
568 1474 577 1489 ‚
604 1457 686 1482 non
703 1451 763 1483 est
783 1442 977 1484 humanae
997 1458 1169 1485 consors
1192 1453 1370 1490 naturae;
1393 1443 1445 1484 ita
1463 1443 1589 1484 etiam
1610 1456 1728 1484 sanc·

373 1511 536 1554 tilicans
563 1513 770 1569 Angelos,
806 1513 1121 1554 Dominationes
1150 1522 1192 1554 et
1216 1514 1467 1561 potestates,
1492 1527 1575 1554 non
1600 1512 1730 1554 habet

375 1582 631 1624 consortium
657 1590 876 1623 creatnrae.
900 1582 940 1624 Si
962 1583 1032 1638 qui
1063 1592 1201 1625 autem
1231 1591 1380 1639 putant
1398 1599 1482 1624 non
1505 1598 1594 1624 esse
1616 1582 1732 1640 spiri-

376 1654 499 1693 talem
521 1653 561 1693 in
582 1652 752 1708 Angelis
771 1653 1053 1700 sanctitatem,
1076 1656 1148 1694 sed
1167 1655 1288 1694 aliam
1313 1655 1537 1708 quamdam
1555 1652 1733 1708 gratiam

377 1738 460 1764 suae
495 1723 751 1779 proprietate
785 1731 968 1769 naturae,
1003 1723 1043 1764 bi
1083 1723 1298 1764 inferiores
1322 1722 1511 1778 profecto
1549 1722 1732 1778 Angelos

379 1792 623 1834 hominibus
654 1793 920 1848 judicabunt.
956 1793 1063 1834 Cum
1096 1794 1208 1834 enim
1234 1803 1273 1834 et
1292 1793 1368 1850 ipsi
1392 1793 1601 1834 fateantur
1622 1793 1737 1849 quod

380 1864 552 1920 Spiritui
571 1873 715 1905 sancto
734 1865 916 1921 Angelos
936 1864 1128 1905 conferre
1148 1879 1230 1906 uon
1256 1865 1452 1911 audeaut,
1473 1877 1551 1904 nec
1573 1862 1738 1920 possint

385 1949 535 1990 negare
553 1934 665 1989 qnod
684 1933 927 1974 hominibus
943 1933 1190 1974 infundatur
1207 1933 1386 1990 Spiritus
1399 1941 1568 1973 sanctus
1588 1947 1598 1973 :
1615 1946 1739 1974 sanc-

384 2003 555 2045 tificatio
589 2012 728 2044 autem
762 2003 944 2059 Spiritus
979 2005 1138 2045 donum
1173 2018 1407 2058 munusque
1437 2002 1625 2044 (livinum
1659 2001 1736 2048 sit3

387 2074 653 2115 invenientur
667 2074 811 2129 utiquo
832 2074 1022 2115 homines
1040 2074 1110 2130 qui
1129 2074 1346 2119 meliorem
1365 2072 1742 2114 sanctificationem

388 2144 564 2191 habent,
599 2144 770 2199 Angelis
800 2144 1061 2200 praeferendi.
1094 2144 1174 2184 Sed
1204 2160 1298 2184 cun}
1329 2143 1474 2199 Angeli
1500 2141 1744 2183 hominibus

391 2216 431 2257 in
454 2216 744 2269 adjumentum
764 2215 1068 2262 descendant&
1091 2215 1404 2271 intelligendum
1423 2213 1613 2269 estquod
1632 2226 1746 2253 crea-

394 2294 486 2326 tura
524 2286 693 2340 quidem
729 2286 920 2342 superior
946 2286 1202 2341 Angelorum
1239 2286 1314 2331 sit,
1349 2299 1441 2340 quae
1471 2285 1563 2340 plus
1597 2281 1747 2338 recipit

393 2357 534 2412 gratim
555 2356 751 2412 spiritalis
767 2373 776 2403 ;
797 2356 987 2410 ejusdem
1004 2365 1142 2397 tamen
1160 2364 1202 2396 et
1219 2370 1316 2412 erga
1336 2370 1410 2396 nos
1427 2363 1468 2396 et
1485 2354 1576 2396 illos
1594 2367 1747 2395 munus

396 2425 577 2466 auctoris
602 2426 667 2467 sit.

456 2494 688 2537 LXXVIII.
727 2495 892 2546 Quanta
914 2503 1055 2536 autem
1079 2495 1230 2552 gratia,
1253 2493 1547 2552 qnae'praemiis
1572 2492 1752 2549 Angelo-

393 2579 486 2606 rum
530 2565 656 2606 etiam
700 2565 938 2606 inferiorem
979 2576 1215 2607 creaturam
1261 2566 1457 2606 humanae
1495 2561 1750 2607 conditionis

447 2666 455 2679 ¹
481 2656 548 2687 Aet.
573 2667 595 2691 ι,
616 2657 646 2687 8.
668 2674 703 2679 -
726 2666 736 2679 ·
759 2657 841 2687 Psal.
859 2667 1017 2694 cxxwi,
1033 2667 1064 2698 5.
1080 2658 1151 2679 ...⁷³
1172 2656 1274 2686 Heln.
1296 2666 1317 2689 ι,
1341 2656 1389 2691 14.
