1768 3283
400 323 449 348 DE
484 321 641 348 srmlTU
677 320 853 354 SANCTO,
892 321 970 347 Lm.
1010 321 1038 347 1.
1314 325 1394 365 277

101 398 198 439 XX.
235 397 352 439 Fidei
389 398 527 454 itaque
559 407 637 439 tuae
670 397 870 454 gratiam,
911 405 952 438 et
985 407 1138 439 nostrae
1172 399 1392 454 praemium

45 467 129 523 jam
163 476 376 515 tenemus;
406 482 542 524 neque
570 467 680 508 enim
715 467 829 509 aliud
865 481 1087 523 possumus
1120 467 1283 515 dicere,
1317 468 1395 509 nisi

48 536 180 578 sancti
217 536 396 593 Spiritus
432 537 540 578 hanc
578 536 702 578 fuisse
734 536 912 591 gratiam
960 539 1074 593 quod
1109 537 1399 594 ignorantibus

49 605 268 651 omnibus.
294 606 432 647 subito
455 605 677 647 Basilicam
706 605 938 648 reddidisti.
969 606 1174 663 Spiritus,
1202 603 1397 663 inquam,

49 674 182 716 sancti
208 675 289 717 hoc
312 690 464 717 munus
484 708 493 723 ,
515 674 596 717 hoc
616 689 719 731 opus
741 683 825 722 est,
851 675 920 731 qui
940 690 960 717 a
978 676 1099 717 nobis
1118 676 1286 732 quidem
1308 685 1405 718 tunc

50 746 376 802 praedicabatur,
403 746 476 787 sed
498 746 537 786 in
562 753 602 786 te
624 745 890 802 operabatur.

108 815 225 857 XXI.
263 815 348 858 Nec
374 815 601 872 superioris
630 802 836 871 ⁴temporis
862 814 1013 856 damna
1047 817 1245 872 deploro3
1271 830 1406 871 quan-

51 885 277 942 doquidem
321 884 597 941 sequestratio
638 885 705 925 illa
746 884 934 925 Basilicae
973 884 1195 939 cujusdam
1234 885 1407 927 soenoriS

52 955 174 997 traxit
211 970 368 997 usuras.
408 955 574 995 Etenim
608 953 829 995 Basilicam
868 954 1161 1009 sequestrasti,
1199 962 1244 995 ut
1278 953 1405 996 fidem

52 1025 264 1081 probares.
303 1024 498 1081 Implevit
530 1023 655 1080 igitur
691 1023 957 1080 propositum
992 1038 1113 1064 suum
1150 1023 1281 1079 pietas
1310 1032 1408 1072 tua,

52 1109 144 1149 quae
161 1094 218 1135 sic
237 1102 591 1150 sequestraverat,
613 1101 657 1134 ut
675 1093 876 1149 probaret
899 1107 908 1133 τ
929 1093 986 1133 sic
1005 1093 1220 1149 probavit,
1246 1102 1292 1135 ut
1316 1095 1407 1134 red-

53 1167 183 1206 deret.
216 1165 299 1206 Nec
324 1165 507 1205 fructum
531 1163 673 1210 amisi,
708 1172 749 1204 ct
779 1163 989 1219 judicium
1012 1172 1133 1205 teneo
1152 1196 1162 1211 ,
1187 1163 1408 1221 patuitque

54 1236 248 1276 omuibus
284 1235 323 1275 in
349 1235 529 1290 quadam
556 1233 652 1275 sacti
676 1233 929 1275 discretione
954 1235 1177 1276 discretam
1201 1235 1273 1276 tibi
1298 1251 1411 1276 nun-

55 1321 179 1361 quam
218 1305 340 1346 fuisse
376 1305 641 1346 sententiam.
685 1304 855 1352 Patuit,
892 1304 1092 1360 iuquam,
1130 1304 1327 1346 omnibus
1367 1312 1410 1346 et

54 1385 172 1417 tuum
198 1391 280 1417 non
308 1375 456 1423 fuisse,
488 1389 586 1416 cum
615 1382 928 1430 sequestrares:
951 1382 992 1416 et
1020 1382 1140 1417 tuum
1170 1389 1281 1424 esse,
1307 1389 1406 1417 cum

54 1447 265 1487 redderes.

110 1516 248 1558 XXII.
286 1514 474 1557 Primum
505 1512 631 1570 igitur
661 1513 710 1554 ab
746 1511 1015 1554 inferioribus
1046 1512 1320 1563 inchoemus,
1363 1522 1409 1556 ut

52 1586 168 1642 quasi
196 1600 270 1642 per
291 1586 442 1642 gradus
461 1584 664 1640 quosdam
685 1591 887 1624 tractatus
914 1591 1056 1624 noster
1076 1585 1297 1633 ascendat,
1325 1599 1407 1641 quo

53 1655 212 1696 facilius
234 1654 277 1696 hi
294 1655 363 1710 qui
391 1653 514 1695 fidem
538 1668 622 1694 non
645 1652 862 1700 deferunt,
888 1654 954 1694 vel
973 1653 1136 1695 ratione
1154 1653 1398 1697 flectantur.

50 1725 228 1767 Possunt
245 1723 356 1765 enim
379 1723 519 1765 dicere
539 1723 578 1764 in
597 1722 803 1779 principio
825 1737 834 1763 ε
857 1721 942 1764 Nec
961 1738 1036 1764 nos
1055 1723 1235 1766 dicimus
1253 1725 1411 1767 servire

52 1794 267 1850 Spiritum.
304 1793 387 1834 Sed
419 1808 515 1834 cum
553 1792 696 1833 dicant
727 1791 882 1833 servire
917 1792 1156 1840 Christum,
1195 1796 1410 1850 quomodo

52 1873 226 1920 possunt
247 1878 401 1920 negare
423 1864 474 1904 de
497 1862 687 1919 Spiritu?
712 1862 838 1913 Quod
861 1863 892 1903 si
916 1865 1153 1905 secundum
1172 1879 1344 1907 carnem
1367 1865 1409 1907 in

52 1934 158 1975 servi
184 1934 316 1974 forma
339 1942 513 1973 consent
518 1933 609 1973 iunt
634 1931 849 1973 Christum
880 1932 1028 1980 fuisse,
1055 1942 1223 1976 constat
1245 1942 1286 1976 ct
1310 1948 1409 1976 con·

53 2003 175 2045 venit.
204 2003 313 2059 Ergo
338 2003 368 2043 si
401 2003 635 2043 secundum
659 2002 932 2043 Divinitatem
955 2018 1072 2044 suam
1103 2003 1295 2046 Christus
1321 2019 1407 2046 non

0 2108 1 2132 ἒ
52 2073 201 2121 servit,
227 2088 308 2113 non
334 2073 459 2113 servit
480 2073 606 2113 etiam
636 2071 830 2128 Spiritus.
859 2057 985 2122 Quod
1002 2072 1034 2113 si
1064 2087 1148 2113 non
1171 2073 1298 2114 servit
1315 2073 1408 2130 Spi-

52 2143 179 2193 ritus,
202 2142 342 2183 omni1
365 2151 503 2183 autem
526 2157 608 2183 ser.
609 2142 746 2182 iunt:
770 2156 894 2198 super
916 2141 1056 2183 omnia
1080 2141 1207 2199 igitur
1228 2142 1408 2200 Spiritus

0 2262 1 2266 Ἰ
52 2221 138 2260 est,
175 2212 245 2268 qui
269 2228 350 2254 non
374 2213 499 2254 servit
521 2212 629 2253 sicut
652 2212 806 2253 omnia.

110 2281 268 2323 XXIII.
307 2282 427 2323 Nunc
446 2282 626 2338 idipsum
645 2282 759 2337 quod
774 2281 970 2329 diximus,
987 2281 1236 2324 testimoniis
1251 2291 1409 2325 astrua-

52 2367 156 2394 mus.
181 2352 439 2408 Principium
463 2352 757 2409 disputationis
783 2361 870 2401 est,
900 2351 995 2407 quia
1026 2353 1214 2395 serviunt
1247 2355 1403 2396 onmia.

53 2421 216 2463 Servire
235 2430 372 2463 autem
395 2422 535 2464 omnia
552 2422 683 2479 liquet
699 2454 707 2469 ‚
729 2422 926 2478 quoniam
945 2422 1149 2479 scriptum
1169 2431 1232 2464 est
1253 2439 1261 2464 :
1282 2423 1409 2465 ..Uni-

49 2509 63 2529 ιι
79 2506 193 2533 versa
215 2492 399 2533 serviunt
419 2493 530 2534 tibi¹.
547 2512 562 2531 ο
581 2492 689 2534 Dixit
715 2493 794 2533 hoc
819 2491 998 2548 Spiritus
1023 2507 1097 2548 per
1119 2493 1393 2549 Prophetam.

52 2563 143 2605 Non
173 2562 300 2611 dixit,
326 2563 539 2606 Servimus
571 2580 578 2605 :
607 2566 678 2606 scd
695 2597 704 2613 ‚
724 2583 738 2599 υ
759 2563 956 2606 Serviunt
978 2563 1080 2612 tibi;
1104 2582 1119 2602 »
1135 2572 1180 2606 ut
1209 2565 1404 2607 crederes

101 2664 106 2677 ¹
132 2654 339 2692 statem-w,
362 2667 411 2698 9¹,
