1768 3283
702 346 837 379 xix-nex.
1360 335 1440 394 ἕως)

137 426 267 469 Jusserit
292 422 350 459 sibl
375 427 539 470 praedicari
558 427 777 468 Evangelium,
806 426 891 469 quod
908 430 1051 459 creatura
1079 426 1208 458 vanitati
1230 425 1355 457 subdita

141 483 192 520 sit,
207 481 291 524 quod
305 482 410 513 omnia
423 482 588 517 creaverit,
601 481 685 524 quod
702 481 823 522 legatur
838 480 971 522 genitus,
989 481 1073 523 quod
1094 480 1221 512 tandi-m
1240 479 1355 512 tradita

143 535 240 566 suerit
265 534 480 575 generationis
504 540 535 567 et
560 534 740 577 adoptionis
754 533 933 565 differentia
957 546 964 565 :
990 535 1320 577 ubiut1·aq11enau11·a
1340 535 1369 565 in

140 587 208 629 ipso
221 587 408 620 declaratur.
428 588 508 627 Quae
525 593 571 621 tot
587 599 623 620 ac
646 593 733 620 tanta
750 587 930 620 testimonia
949 588 1130 630 Apostolica
1153 589 1350 631 expositione

139 640 382 672 confirmantur.
1136 676 1157 685 Γ
1403 650 1442 675 52

96 695 206 726 cwvr
223 694 295 726 XV.
318 694 450 726 Duobus
468 695 640 738 Scripturae
662 695 738 727 locis
756 695 870 738 quibus
889 694 990 728 factus
1008 701 1037 728 et
1066 686 1189 728 creat‘us
1217 697 1362 730 Clu-istus

138 749 267 787 dicitnr,
285 754 318 780 ut
331 749 498 781 satisfaciat
514 755 639 782 sanctus
659 750 774 781 Praesul
790 760 797 781 ε
816 749 886 781 illos
899 749 1020 781 nonnisi
1035 750 1206 781 secundum
1218 759 1363 783 naturam

136 802 273 834 hominis
291 803 345 844 ipsi
364 802 535 834 convenire
548 803 684 835 declarat
704 815 711 833 τ
732 804 762 834 in
781 803 895 845 quibus
910 803 1004 835 etiam
1019 804 1214 845 praeteritum
1237 816 1292 846 pro
1309 805 1356 837 su-

135 862 209 889 turo
228 856 363 899 positum
379 867 445 888 csse
462 867 498 888 ex
513 867 673 888 sacrorum
700 857 856 888 Codicum
871 858 1060 888 auctoritate
1078 858 1205 898 planum
1225 858 1307 890 savit.
1399 862 1438 889 οὔ

95 911 201 944 Cum-r
226 911 322 943 XVI.
356 911 522 948 Arrianos,
555 911 578 943 si
604 916 744 943 creatum
759 916 789 943 et
804 911 945 953 genitum
962 911 1022 943 illis
1046 911 1130 943 idem
1154 912 1207 951 sit,
1231 913 1362 945 Christo

137 966 257 997 inferre
274 965 422 1006 injuriam
441 977 447 996 z
465 965 512 997 sin
529 970 633 997 autem
647 965 698 996 illa
715 965 830 997 distare
843 965 999 1003 credant,
1017 976 1111 1007 quem
1123 966 1259 1007 legerint
1274 978 1299 1008 «ἵζε
1312 968 1360 998 ni-

139 1025 220 1058 tum,
236 1024 391 1051 creaturae
407 1020 476 1052 loco
495 1029 558 1050 non
577 1019 772 1050 habendum.
793 1019 863 1050 noc
888 1019 975 1050 Pauli
1004 1030 1043 1050 nc
1066 1025 1219 1051 creaturae
1242 1021 1360 1051 ενι-κὶα-

138 1074 437 1116 tur.prol1ibentis;
454 1074 575 1105 Christi
599 1079 702 1106 tamen
725 1084 757 1105 se
771 1084 897 1105 servum
925 1084 992 1105 esse
1004 1075 1195 1115 pio‘itentis.
1210 1076 1356 1108 testimo-

141 1127 197 1160 nio
225 1126 406 1159 confirmari
426 1138 433 1158 ε
452 1128 500 1159 cui
519 1127 623 1170 potius
637 1127 831 1159 credendum
854 1139 948 1171 quam
966 1129 1075 1162 Arrio.
1097 1129 1253 1161 Subditur
1270 1130 1364 1161 etiarn

140 1186 318 1213 creaturam
333 1181 363 1212 in
383 1182 450 1212 Deo
464 1191 526 1212 non
541 1191 618 1219 esse,
637 1192 708 1212 cum
722 1181 854 1224 simplex
868 1183 906 1214 sit
928 1195 934 1212 :
954 1194 1012 1215 nec
1029 1184 1149 1215 Filium
1165 1183 1195 1215 in
1211 1189 1366 1215 creaturae

141 1235 285 1267 ordinem
304 1235 532 1276 redigendum:
551 1246 622 1266 cum
642 1235 671 1266 in
688 1247 724 1267 eo
741 1235 825 1267 Patri
844 1237 1051 1279 complaceat.
1416 1239 1454 1281 Ξῖ

99 1290 217 1321 Cum
235 1289 348 1321 xvtl.
370 1289 534 1320 Clu-istum
554 1290 657 1320 Deum
671 1299 780 1320 verum
798 1299 863 1321 esse
878 1300 915 1321 ex
933 1301 970 1321 eo
987 1291 1121 1332 probat,
1139 1292 1222 1334 quod
1240 1291 1278 1323 sit
1299 1302 1371 1335 pro-

144 1344 230 1386 prius
258 1343 316 1375 Dei
352 1342 470 1379 Fui-³53
494 1342 716 1385 picemissaque
744 1342 941 1376 difficultatis
970 1344 1165 1379 suborientis
1190 1346 1370 1383 solutione,

143 1398 287 1431 eamdem
317 1409 381 1429 rem
413 1398 487 1429 inde
514 1397 693 1436 confirmat,
720 1398 806 1441 quod
835 1400 874 1431 sit
903 1400 1038 1440 genitus,
1070 1401 1219 1444 quodque
1244 1413 1280 1433 ex
1303 1403 1373 1433 Deo

145 1453 270 1485 exierit.
301 1453 361 1483 His
377 1453 485 1484 subdit
514 1453 615 1484 Patris
631 1464 667 1484 ac
690 1452 761 1484 Filii
781 1453 937 1486 unitatem
957 1455 1155 1496 operationis
1173 1467 1209 1487 ac
1227 1457 1375 1488 volunta-

147 1507 199 1538 tis.
220 1507 303 1537 Tum
323 1506 483 1546 Apostolis
500 1512 530 1538 et
557 1506 755 1538 Centurione
777 1517 873 1549 quem
890 1518 961 1538 cum
980 1508 1127 1540 Arrianis
1141 1510 1319 1545 contendit.
1342 1511 1371 1541 in

148 1560 363 1592 testimonium
379 1560 522 1591 adductis
541 1560 654 1591 Isaram
668 1561 772 1602 jungit
786 1561 1006 1593 acJoannem.
1419 1565 1459 1606 59

106 1615 213 1645 Cnrur
231 1613 367 1646 XVIII.
386 1613 423 1644 lu
444 1613 569 1644 Nicaena
584 1613 770 1645 definitione
790 1614 941 1646 Arrianos
958 1626 1094 1653 οτι-(πρε,
1119 1626 1159 1648 ne
1176 1627 1269 1659 quem
1288 1617 1371 1648 deci-

149 1668 251 1710 piant,
273 1667 531 1699 commemorari.
556 1667 659 1698 Iidem
676 1677 747 1698 cum
767 1667 970 1700 anathemate
988 1679 1045 1700 suo
1067 1668 1262 1711 reseruntur,
1288 1670 1372 1712 quod

150 1732 213 1752 non
229 1721 323 1752 modo
338 1721 452 1752 Nicaeae
468 1721 565 1752 latum
584 1720 713 1758 dicitur,
737 1720 792 1752 sed
809 1727 838 1754 et
858 1721 994 1753 Arimini
1012 1722 1108 1754 semel
1128 1734 1164 1754 ac
1181 1723 1305 1755 iurum.
1419 1724 1459 1761 4.)

107 1775 223 1806 Cnor
249 1774 349 1805 XIX.
382 1773 444 1806 Ubi
474 1774 569 1805 Arrio
602 1773 740 1815 primum
770 1785 787 1806 e
819 1775 1001 1807 memoratis
1030 1776 1193 1807 erroribus
1216 1777 1375 1814 attribuit,

152 1828 299 1859 eumdem
323 1826 438 1859 refellit.
455 1827 588 1858 Joannis
606 1827 800 1864 testimonio,
821 1838 856 1859 ac
870 1838 887 1859 e
906 1839 939 1860 re
953 1834 1025 1860 nata
1044 1829 1194 1870 tragicam
1213 1830 1375 1862 haeresiar-

155 1883 223 1915 chae
236 1889 372 1915 mortem
386 1881 548 1914 describit.
569 1882 644 1913 Mox
660 1881 845 1923 singillatim
863 1882 1001 1925 reliquas
1013 1883 1155 1925 ejusdem
1172 1883 1383 1926 blasphemias

153 1936 304 1979 expendit
321 1941 351 1969 et
369 1936 522 1968 confutat.
1423 1939 1464 1977 44

113 1989 222 2022 Cum·
241 1990 321 2022 XX.
340 1991 441 2032 Optat
461 1990 498 2022 ad
519 2001 554 2022 se
581 1989 798 2022 mundandum
816 1994 850 2021 ut
867 1989 942 2021 olim
965 1989 1003 2021 ad
1020 1991 1133 2023 Isaiam
1151 1993 1317 2035 Seraphim
1331 1994 1383 2025 ali—

157 2055 251 2087 quem
280 2044 451 2076 advolare:
471 2045 612 2076 imovero
635 2044 673 2076 ad
705 2054 748 2078 se.
773 2043 813 2075 ad
830 2043 1059 2085 imperatorem
1092 2045 1235 2087 aliosque
1253 2047 1385 2079 lectores

158 2110 229 2132 suos
245 2100 411 2132 Christum
431 2099 566 2132 invitat:
586 2110 620 2131 ac
642 2099 770 2131 tandem
784 2098 957 2130 Dominico
978 2099 1097 2141 populo
1121 2101 1253 2142 mystice
1280 2102 1382 2144 desig-

159 2159 245 2189 nato,
263 2158 297 2186 ut
319 2156 386 2195 ejus
403 2153 521 2186 virtute
534 2154 705 2185 Gratianus
729 2153 898 2194 caeterique
914 2150 1022 2183 fideles
1036 2152 1237 2186 inebrientur
1253 2155 1343 2197 petit.
1427 2156 1468 2199 47

118 2209 214 2240 Linon
227 2208 275 2240 11.
290 2208 452 2249 Prologus.
470 2206 743 2240 Ambrosiuslibro
751 2205 907 2248 superiori
921 2205 1004 2236 hune
1015 2204 1196 2246 adjecturus
1210 2207 1377 2240 duodecim

159 2262 285 2294 nomina
303 2261 374 2293 Filii
398 2263 456 2294 Dei
476 2262 578 2304 primo
595 2261 751 2293 trifarium
764 2259 862 2290 divisa
878 2268 940 2289 non
966 2258 1032 2299 ejus
1048 2263 1172 2290 tantum
1188 2283 1196 2295 ‚
1213 2261 1265 2292 sed
1286 2262 1388 2294 Patris

162 2316 256 2347 etiam
274 2317 485 2349 miei-nitatem
513 2315 649 2357 probare
667 2313 772 2345 docet.
803 2313 877 2342 Mox
894 2310 1003 2343 eadem
1019 2321 1089 2342 cum
1107 2311 1273 2345 duodecim
1288 2325 1387 2346 saeer-

165 2370 279 2403 dotalis
296 2373 389 2403 vesus
405 2370 563 2412 lapidibus
587 2370 706 2400 cursim
725 2376 924 2408 comparans.
949 2375 1042 2406 quam
1068 2369 1241 2399 necessario
1257 2369 1390 2409 conjun-

165 2424 265 2464 genda
283 2425 358 2463 sint,
377 2424 505 2456 inducta
526 2424 665 2465 ipsorum
682 2431 763 2453 nova
777 2418 1002 2452 distributione
1019 2418 1182 2460 patefacit.
1208 2422 1332 2454 Deinde
1350 2423 1388 2454 ad

166 2478 361 2521 propositam
375 2478 645 2521 comparationem
661 2475 797 2509 rediens.
814 2473 982 2514 allegorice
996 2477 1164 2506 memorati
1176 2475 1308 2509 amictus
1323 2483 1388 2509 tex-

167 2537 271 2564 turam
294 2542 329 2564 ac
348 2532 471 2575 lapillos
491 2531 610 2564 laudat.
630 2531 715 2562 Hinc
731 2527 860 2571 mystica
877 2525 972 2558 etiam
996 2525 1128 2566 geminae
1152 2528 1316 2562 divisionis
1341 2542 1390 2562 ra-

169 2585 258 2617 tione
285 2585 391 2624 alluta,
417 2585 596 2618 institutam
629 2581 899 2626 comparutionem
927 2578 1029 2620 pergit
1053 2590 1231 2622 exponere;
1265 2594 1301 2615 ex
1328 2595 1389 2627 qua

167 2635 261 2668 fidem
279 2637 429 2680 operibus
451 2638 600 2680 colligens
618 2636 818 2670 attexendam
850 2645 928 2674 es÷e‚
942 2637 1139 2666 contractam
1155 2634 1294 2676 ejusdem
1314 2637 1384 2669 fidei

171 2690 209 2722 de
225 2689 306 2723 Filio
323 2690 567 2735 descriptionem
583 2691 701 2724 subdit.
1437 2693 1475 2726 50
