1768 3283
491 293 544 320 DE
577 292 687 326 FIDE,
724 293 802 319 mu.
842 291 879 318 v.
1286 278 1368 336 239

18 368 235 424 »subjecta
258 376 356 410 sunt
383 368 444 417 ei,
471 369 560 411 sino
584 370 713 411 dubio
735 377 886 426 praetor
908 383 1004 411 eum
1029 368 1097 425 qui
1127 368 1309 425 subjecit
1332 369 1368 410 oi

19 439 202 481 »omnia.
232 440 342 480 Cum
373 448 511 482 autem
548 440 739 496 subjecta
757 440 814 482 illi
842 439 996 481 suerint
1023 440 1185 488 omnia,
1206 448 1306 481 tunc
1329 447 1371 480 et

20 507 136 565 »ipse
156 507 285 550 Filius
304 508 520 564 subjectus
546 510 625 551 erit
642 510 726 558 illi,
753 510 823 566 qui
844 510 922 552 sibi
945 510 1126 567 subjecit
1143 509 1305 556 omnia;
1330 517 1374 549 ut

19 579 230 621 »sitDeus
261 580 400 622 omnia
425 580 467 621 in
487 580 723 624 omnibus¹.
747 599 762 620 »
791 581 916 632 Quod
946 581 1071 623 etiam
1102 582 1152 622 ad
1175 580 1372 622 Hebraeos

21 648 132 691 idem
164 649 388 706 Apostolus
421 650 554 692 dixit:
592 669 607 690 «
634 650 754 693 Nune
788 659 927 694 autem
960 652 1148 693 nondum
1186 650 1373 691 videmus

22 720 192 760 »omnia
226 720 283 762 illi
311 735 400 762 esso
426 721 658 777 subjecta2.
696 742 710 760 ι)
742 721 998 780 Accepimus
1031 720 1282 779 Apostolicae
1318 736 1377 762 sc-

23 789 128 832 riem
150 789 356 831 lectionis.

84 859 248 902 CLXII.
276 861 501 912 Quomodo
520 861 646 919 igitur
663 862 909 918 subjectum
927 861 1134 905 dicimus?
1152 859 1378 904 Sabelliani

26 937 67 970 ct
83 929 335 971 Marcionita:
357 931 502 972 dicunt
523 934 637 988 quod
653 932 742 975 haec
759 933 899 975 sutura
924 933 975 975 sit
994 933 1147 975 Christi
1168 934 1219 975 ad
1241 933 1377 974 Deum

25 1000 190 1042 Patrem
213 1000 421 1056 subjectio
438 1034 448 1051 ,
468 1012 514 1044 ut
531 1003 572 1044 in
589 1004 755 1046 Patrem
780 1004 910 1046 Filius
934 1004 1195 1046 refundatur.
1219 1003 1262 1045 Si
1279 1018 1378 1059 orgo

28 1086 73 1112 ea
108 1071 186 1113 erit
222 1071 346 1125 Verbi
382 1073 611 1129 subjectio,
653 1083 699 1116 ut
728 1076 959 1117 resolvatur
991 1075 1033 1116 in
1065 1075 1231 1116 Patrem
1264 1074 1377 1115 Deus

28 1141 219 1184 Verbum
253 1157 261 1184 :
297 1158 395 1201 orgo
427 1152 470 1186 ot
497 1160 777 1202 quaecumquo
817 1146 931 1188 Patri
965 1146 1156 1201 Filioque
1190 1144 1380 1201 subjecta

30 1220 127 1254 sunt
143 1245 152 1259 ‚
177 1212 219 1253 in
239 1213 405 1255 Patrem
425 1222 465 1255 et
482 1215 635 1257 Filium
654 1218 942 1264 resolventur3
968 1224 1013 1258 ut
1034 1216 1085 1257 sit
1107 1216 1217 1257 Deus
1240 1214 1380 1256 omnia

31 1289 72 1323 et
102 1281 143 1323 in
168 1284 362 1326 omnibus
385 1285 600 1327 creaturis.
630 1285 714 1327 Sed
742 1287 970 1328 absurdum
1002 1294 1065 1327 est
1099 1286 1238 1327 dicere
1263 1299 1273 1324 :
1300 1298 1383 1325 non

32 1352 157 1410 igitur
177 1369 251 1411 per
269 1355 523 1398 refusionem
542 1356 764 1413 subjectio.
788 1357 879 1399 Alia
901 1365 997 1398 sunt
1013 1356 1124 1398 enin]
1143 1370 1234 1412 quae
1259 1353 1387 1410 subji-

35 1424 226 1473 ciuntur,
250 1441 297 1468 ea
321 1427 466 1483 utique
489 1443 581 1484 quae
605 1437 744 1469 creata
767 1436 864 1470 sunt
887 1444 896 1468 z
923 1437 965 1470 et
998 1428 1100 1469 alius
1117 1459 1127 1475 ,
1153 1427 1222 1468 cui
1249 1425 1296 1468 fit
1318 1425 1387 1467 illa

35 1495 255 1552 subjectio.
304 1497 602 1541 conticescant
649 1499 788 1556 itaquo
830 1515 947 1542 saevae
995 1497 1216 1540 refusionis
1255 1497 1387 1539 inter—

34 1575 185 1625 protos.

97 1637 281 1682 CLXIII.
318 1639 456 1696 Atque
483 1641 643 1682 utinam
677 1649 718 1683 ot
755 1640 812 1682 illi
841 1648 1055 1689 tacerent,
1088 1640 1156 1696 qui
1190 1637 1388 1694 quoniam

38 1710 263 1751 rcso1ubile
295 1711 372 1752 Dei
401 1711 610 1761 Verbum,
637 1713 798 1769 Deiquo
832 1712 1077 1770 sapientiam
1104 1711 1284 1768 probare
1306 1723 1390 1750 non

39 1788 238 1836 possunt,
276 1780 563 1824 infirmitatem
593 1782 807 1824 Divinitati
841 1781 1115 1837 subjectionis
1148 1779 1388 1826 ascribunt,

42 1850 228 1892 dicentes
246 1851 339 1907 quia
362 1853 565 1909 scrIptum
590 1861 650 1894 est
673 1868 681 1894 :
701 1871 714 1891 «
730 1853 836 1895 Cum
855 1862 993 1894 aulem
1012 1851 1202 1907 subjecta
1221 1850 1278 1891 illi
1303 1850 1394 1890 suc-

44 1921 157 1964 »rint
183 1923 322 1964 omnia
338 1955 348 1970 ,
372 1931 473 1965 tnnc
497 1932 538 1965 et
560 1923 646 1980 ipse
667 1924 798 1966 Filius
825 1923 1043 1979 subjectus
1063 1922 1142 1963 crit
1162 1921 1219 1962 illi
1234 1919 1262 1961 ³.
1279 1938 1295 1958 »

105 1992 284 2036 CLXIV.
323 1993 524 2036 Videmus
548 1994 675 2050 igitur
700 1995 795 2050 quia
826 1995 1015 2035 nondum
1034 1991 1297 2047 subjectum,
1325 1989 1395 2030 sod

46 2062 357 2118 subjiciendum
391 2079 480 2106 esso
513 2064 728 2121 Scriptura
765 2071 1072 2106 commemorat
1103 2077 1113 2103 :
1144 2075 1244 2117 ergo
1284 2073 1397 2101 nunc

46 2148 133 2176 non
165 2143 227 2177 est
260 2135 476 2191 subjectus
499 2135 587 2177 Deo
610 2135 721 2177 Patri
744 2135 885 2176 Filius.
919 2134 964 2176 In
988 2149 1071 2190 quo
1095 2133 1223 2190 igitur
1245 2130 1398 2172 Filium

50 2207 287 2264 subjectum
313 2207 403 2249 sore
431 2206 601 2249 dicitis?
635 2206 676 2248 Si
704 2207 742 2248 in
775 2205 1025 2253 Divinitate3
1051 2218 1128 2246 nec
1154 2201 1402 2244 inobediens

50 2286 136 2327 est,
174 2277 271 2334 quia
302 2292 385 2319 non
416 2287 478 2320 est
511 2293 532 2320 a
558 2279 682 2319 Patre
706 2277 864 2319 discors
894 2293 902 2318 :
936 2291 1015 2318 noc
1040 2275 1279 2331 subjectus,
1305 2272 1401 2328 quia

51 2364 136 2392 non
159 2358 222 2392 est
245 2366 411 2399 servus,
438 2351 510 2391 sed
531 2350 678 2391 unicus
708 2349 876 2406 proprio
898 2348 1010 2389 Patri
1033 2347 1175 2389 Filius.
1212 2344 1404 2400 Denique

55 2435 150 2462 cum
171 2423 326 2463 coelum
346 2429 523 2469 crearet,
546 2429 698 2463 terram
720 2420 944 2466 conderet,
964 2426 1005 2459 et
1022 2425 1271 2475 potestatem
1292 2428 1406 2456 exer-

57 2493 179 2535 cebat
208 2501 249 2535 et
274 2492 537 2535 charitatem.
566 2491 687 2534 Nulla
710 2490 834 2547 igitur
861 2488 1019 2532 servilis
1043 2487 1085 2529 in
1119 2486 1275 2529 Christi
1299 2483 1410 2526 Divi-

105 2612 113 2627 ¹
137 2613 148 2634 1
168 2601 245 2634 Cor.
267 2612 318 2641 xv,
349 2601 460 2635 21-28.
478 2619 518 2626 -
540 2609 547 2622 ³
569 2599 671 2633 Hebr.
694 2611 731 2639 ιι,
750 2599 780 2633 8.
801 2617 839 2623 -
860 2599 873 2622 ³
896 2610 906 2630 1
926 2598 1004 2630 Cor.
1020 2608 1072 2637 xv,
1093 2598 1143 2629 28.
