1768 3283
375 288 460 348 374
929 304 958 332 s.
998 303 1189 332 Aiaennosn

434 381 669 427 CXXXVI.
709 382 821 435 Quid
842 382 874 424 si
898 383 1029 424 doceo
1067 381 1164 437 quia
1190 390 1232 424 et
1252 381 1373 424 Pater
1397 382 1511 425 audit
1539 381 1690 425 Filium
1707 413 1718 430 ,

382 456 492 498 sicut
523 462 564 496 et
597 454 727 496 Filius
754 453 871 494 audit
902 452 1100 494 Patrem?
1133 452 1269 493 Habes
1304 453 1414 494 enim
1445 452 1646 508 scriptum
1678 451 1720 493 in

373 524 620 579 Evangelio,
644 523 739 578 quia
758 522 859 563 dicit
879 522 1007 562 Filius
1033 537 1041 562 :
1061 521 1229 568 «Pater,
1254 522 1404 577 gratias
1419 521 1493 563 tibi
1513 535 1604 576 ago,
1625 520 1720 575 qnia

374 613 390 633 υ
405 594 555 636 audisti
571 592 701 633 me¹.»
718 592 942 642 Quomodo
967 591 1122 632 audivit
1139 592 1262 632 Pater
1277 591 1430 631 Filium
1445 623 1455 638 ‚
1477 604 1572 631 cnm
1590 589 1721 630 Filius

376 663 479 704 nihil
497 664 548 704 ad
563 662 728 703 Patrem
751 660 797 701 in
818 660 1103 716 superioribus
1126 660 1175 700 de
1195 659 1351 701 Lazaro
1372 660 1423 700 sit
1447 657 1642 700 locutus?
1659 657 1719 699 Ac

371 747 425 775 ne
451 741 618 789 putares
642 730 738 786 quia
761 731 890 771 semel
907 745 926 770 a
945 730 1066 770 Patre
1086 729 1250 770 auditus
1272 737 1333 769 cst
1354 728 1483 769 Filius
1499 761 1509 775 ‚
1531 726 1717 768 addidit:

383 803 463 843 «Et
483 815 560 857 ego
586 800 770 842 sciebam
792 800 887 855 quia
913 814 1076 855 semper
1097 814 1165 840 me
1190 799 1304 839 audis
1321 797 1370 839 ².»
1385 798 1494 854 Ergo
1519 812 1602 838 non
1628 797 1722 838 sub-

373 872 495 928 jec'tae
513 869 786 916 ohedientiae,
810 869 882 910 sed
910 869 1079 910 unitatis
1110 868 1276 910 auditus
1299 877 1361 909 est
1382 868 1657 924 sempiternae.

431 939 686 984 CXXXVII.
724 938 925 980 Similiter
950 938 1074 994 igitur
1097 947 1138 980 et
1159 938 1304 979 audire
1327 954 1345 979 a
1368 938 1487 980 Patre
1508 937 1687 994 Spiritus
1707 969 1718 984 ‚

372 1019 415 1053 et
433 1009 665 1052 clarificare
686 1008 838 1050 Filium
864 1008 1028 1050 dicitur.
1055 1008 1295 1050 Clarificare
1317 995 1436 1055 ideo,
1461 1008 1556 1064 quia
1580 1007 1724 1049 docuit

371 1095 449 1122 nos
470 1078 648 1135 Spiritus
669 1087 837 1119 sanctus
864 1077 1017 1120 Filium
1044 1078 1120 1119 Dei
1147 1078 1370 1134 imaginem
1394 1093 1484 1119 esse
1507 1076 1722 1118 invisibilis

370 1149 472 1196 Dei,
502 1157 545 1190 et
573 1148 841 1204 splendorem
879 1147 1043 1202 gloriae,
1081 1156 1123 1188 et
1157 1147 1446 1188 characterem
1481 1146 1723 1187 substantiae

373 1217 507 1274 ejus³3
531 1217 710 1273 Spiritus
732 1217 844 1258 enim
869 1217 969 1258 etin
991 1216 1243 1258 Patriarchis
1261 1217 1354 1257 etin
1370 1215 1588 1272 Prophetis
1604 1215 1725 1257 locu-

376 1297 443 1330 tus
461 1288 548 1330 est⁶
578 1303 587 1329 :
612 1295 653 1329 et
671 1287 859 1344 Apostoli
882 1288 1063 1343 denique
1086 1295 1185 1328 tunc
1202 1287 1471 1343 perfectiores
1485 1301 1574 1328 esse
1590 1299 1727 1341 coepe-

373 1366 487 1405 runt,
507 1366 781 1414 posteaquam
806 1357 1011 1415 Spiritum
1029 1366 1295 1414 receperunt.
1317 1357 1438 1399 Nulla
1455 1370 1555 1413 ergo
1575 1355 1726 1396 distan-

371 1428 425 1469 tia
437 1427 587 1469 divinae
603 1427 767 1469 virtutis
781 1428 989 1484 etgratiae3
1004 1443 1098 1469 nam
1113 1427 1214 1468 licet
1227 1445 1240 1464 α
1254 1426 1484 1467 Divisiones
1496 1424 1725 1482 gratiarum

374 1498 485 1541 »sint
501 1531 511 1547 ‚
542 1498 654 1539 idem
678 1506 817 1540 autem
855 1498 1034 1555 Spiritus
1055 1512 1065 1539 z
1085 1501 1126 1539 et
1155 1497 1376 1538 divisiones
1397 1495 1725 1538 ministeriorum

371 1569 485 1610 »sint-
504 1600 513 1616 ‚
544 1568 655 1610 idem
687 1577 826 1610 autem
857 1569 1061 1610 Dominus
1086 1584 1094 1609 :
1123 1577 1164 1609 et
1185 1567 1409 1608 divisiones
1433 1566 1726 1623 operationum

373 1657 389 1678 ι
403 1639 486 1680 sint
500 1671 510 1689 ,
533 1638 644 1680 idem
663 1647 801 1681 autem
814 1639 926 1681 Deus
943 1672 953 1686 ,
968 1639 1039 1695 qui
1059 1647 1258 1695 operatur
1273 1637 1412 1680 omnia
1431 1637 1471 1678 in
1490 1635 1719 1678 omnibus‘.

372 1709 604 1752 Divisiones
626 1718 724 1751 sunt
747 1724 970 1751 munerum
992 1742 1002 1761 ‚
1026 1724 1110 1750 non
1135 1708 1415 1766 separationes
1435 1707 1662 1749 Trinitatis.

411 1778 687 1821 CXXXVIII.
710 1779 902 1835 Denique
915 1779 1023 1820 idem
1038 1787 1099 1820 est
1112 1779 1222 1819 Deus
1237 1778 1307 1832 qui
1324 1786 1521 1834 operatur
1532 1775 1671 1817 omnia
1685 1774 1728 1815 in

373 1850 592 1897 omnibus;
617 1858 663 1891 ut
687 1850 791 1891 scias
814 1850 908 1905 quia
932 1864 1016 1890 non
1042 1858 1104 1891 est
1122 1848 1324 1891 discretio
1349 1847 1604 1903 operationis
1621 1845 1729 1887 inter

371 1918 508 1961 Deum
534 1919 699 1961 Patrem
722 1928 764 1961 et.
779 1919 984 1976 Spiritum
1007 1927 1199 1960 sanctum
1221 1949 1232 1966 ,
1255 1919 1425 1975 quando
1446 1933 1494 1958 ea
1519 1931 1609 1972 quae
1627 1931 1728 1972 ope-

373 1997 492 2031 ratur
508 1988 703 2045 Spiritus,
719 1998 917 2046 operatur
928 1997 969 2030 et
984 1989 1105 2030 Pater
1126 1988 1256 2033 Deus,
1275 1988 1344 2043 qui
1366 1995 1567 2044 operatur
1588 1984 1728 2026 omnia

376 2057 418 2099 in
439 2058 647 2100 omnibus.
667 2058 772 2103 Nam
793 2073 889 2100 cum
913 2067 1111 2114 operetur
1128 2058 1268 2099 omnia
1291 2057 1332 2099 in
1351 2057 1545 2098 omnibus
1572 2057 1695 2097 Pater
1715 2070 1725 2096 t

386 2127 503 2175 quii
530 2136 670 2169 tamen
700 2129 823 2169 datur
854 2142 930 2185 per
960 2128 1164 2185 Spiritum
1199 2142 1336 2169 sermo
1376 2125 1592 2184 sapientiae
1611 2157 1621 2173 ,
1657 2124 1724 2166 alii

376 2214 392 2236 ι
406 2212 543 2239 sermo
561 2197 747 2239 scientiae
765 2199 997 2239 secundum
1023 2199 1220 2239 eumdem
1239 2197 1463 2254 Spiritum,
1483 2194 1600 2237 alteri
1624 2193 1730 2235 fides

376 2284 392 2307 ι
407 2266 448 2308 in
471 2268 619 2307 eodem
644 2266 803 2323 Spiritu
819 2299 829 2315 ,
861 2268 927 2308 alii
954 2267 1085 2323 gratia
1108 2267 1375 2308 curationum
1396 2266 1437 2306 in
1452 2280 1536 2305 uno
1554 2263 1727 2320 Spiritu,

377 2356 393 2374 n
410 2336 477 2378 alii
499 2337 685 2393 operatio
712 2337 918 2385 virtutum
939 2369 949 2384 ,
974 2337 1039 2377 alii
1063 2337 1281 2393 prophetia
1298 2370 1306 2384 ,
1337 2336 1402 2377 alii
1427 2335 1625 2377 discretio
1646 2333 1731 2390 spi·
1759 2381 1764 2396 Ι

380 2405 566 2446 »rituum
582 2437 592 2454 ,
621 2406 688 2446 alii
711 2420 861 2462 genera
878 2406 1114 2462 linguarum
1131 2439 1140 2454 ‚
1166 2406 1234 2447 alii
1258 2404 1546 2461 interpretatio
1570 2417 1732 2445 sermo-

429 2527 550 2557 ·Joan.
572 2539 616 2563 u,
637 2529 745 2565 41.—
764 2509 1012 2567 -‘1b÷d.42.-
1031 2532 1043 2552 ³
1069 2529 1190 2560 com-s.
1210 2541 1233 2564 ι,
1258 2530 1305 2560 25.
1321 2546 1360 2551 -
1390 2530 1400 2550 Α
1431 2527 1533 2557 Hebr.
1553 2537 1575 2565 ι,
1600 2537 1623 2559 1.
1645 2537 1673 2556 2-
1691 2543 1731 2548 —

384 2582 398 2604 ⁸
422 2592 430 2611 ι
452 2582 529 2612 Gur.
550 2593 608 2620 ιιι,
627 2583 656 2619 ά.
672 2589 704 2613 et
721 2594 809 2625 seqq.
1003 2576 1005 2578 Ι
