1768 3283
345 275 426 330 234
886 286 914 310 s·
957 285 1146 311 amssssosll

341 379 426 406 non
453 363 564 404 enim
588 361 725 402 *Petro
759 360 834 401 soli
860 394 868 406 ‚
903 361 976 401 sed
1009 360 1236 414 uniruique
1265 358 1365 402 dicit
1394 360 1534 402 fideli:
1565 380 1579 400 a
1604 363 1686 404 Nisi

340 435 507 475 »lavero
531 430 605 472 tibi
625 431 749 486 pedes
766 461 774 474 ,
804 444 888 468 non
914 430 1086 469 habebis
1114 443 1281 468 mecum
1299 429 1503 485 partem¹.
1528 448 1544 468 ι»

398 501 516 545 Xlll.
560 500 660 541 teni
685 512 806 554 ergo,
848 498 1024 538 Domine
1061 497 1185 543 Jesu,
1209 512 1314 538 exue
1350 507 1389 538 te
1417 498 1657 539 vestimenta
1676 531 1686 546 ,

342 587 434 628 quae
458 579 630 628 propter
656 584 721 609 me
751 568 951 608 induisti:
977 576 1066 608 esto
1095 568 1231 607 nudus
1249 598 1259 613 ,
1283 574 1327 606 ut
1348 581 1423 607 nos
1449 568 1690 608 misericor-

343 643 407 682 dia
427 650 494 681 tua
517 638 680 679 vestias.
708 636 921 693 Praecinge
948 645 988 677 te
1010 645 1181 692 propter
1202 649 1276 676 nos
1297 636 1452 685 linteo,
1472 645 1518 677 ut
1534 651 1608 677 nos
1631 637 1690 678 tui

343 710 527 751 muueris
550 706 862 748 immortalitate
882 707 1120 762 praecingas.
1146 705 1263 746 Mitte
1281 720 1429 760 aquam
1451 705 1492 746 in
1509 706 1688 762 pelvim:

340 781 431 822 lava
452 793 534 819 non
559 779 694 818 solum
720 776 866 832 podes,
891 777 1105 817 sedetiam
1133 774 1285 831 caput²
1311 792 1319 815 ε
1345 790 1421 816 uec
1445 778 1578 816 solum
1603 791 1692 817 cor-

344 850 454 907 poris
473 849 626 894 nostri,
652 848 724 888 sed
745 847 869 888 etiam
895 848 1045 887 mentis
1070 846 1250 902 vestigia.
1286 845 1386 887 Volo
1414 861 1570 887 exuere
1601 861 1692 887 om·

345 933 417 960 nes
446 926 595 958 uosirae
626 918 768 957 sordes
797 916 1054 972 fragilitati&
1085 920 1131 955 ut
1157 924 1199 955 et
1224 930 1300 971 ego
1332 915 1497 955 dicam:
1525 932 1540 952 α
1563 914 1694 957 Nocte

346 987 468 1029 »exui
492 986 678 1028 tunicam
699 1001 834 1026 meam
851 1018 860 1033 ,
885 985 1096 1041 quomodo
1116 986 1286 1026 induam
1305 984 1430 1026 eam?
1451 985 1548 1026 Lavi
1571 986 1697 1042 pedes

346 1071 491 1098 »meos
507 1087 516 1101 ,
546 1056 757 1110 quomodo
778 1055 1006 1109 inquinabo
1037 1053 1150 1094 illos⁵
1171 1054 1219 1094 P»

406 1124 519 1167 XIV.
560 1125 725 1174 Quanta
761 1124 834 1164 ista
867 1124 1059 1179 majestas
1092 1123 1180 1164 est!
1211 1122 1341 1172 Quasi
1361 1121 1550 1163 minister
1571 1122 1700 1179 pedes

348 1196 603 1237 famulorum
623 1202 792 1234 tuorum
815 1194 940 1242 lavas,
961 1193 1077 1248 quasi
1101 1196 1215 1234 Deus
1232 1207 1371 1233 rorem
1386 1192 1514 1233 mittis
1534 1207 1556 1233 e
1573 1193 1695 1233 coelo.

349 1265 435 1308 Nec
457 1266 591 1305 solum
616 1265 740 1319 pedes
764 1264 874 1304 lavas
892 1296 900 1311 ‚
926 1264 998 1304 sed
1021 1263 1145 1304 etiam
1171 1270 1216 1303 ut
1241 1271 1382 1304 tecum
1405 1262 1702 1303 recumbamus

351 1335 499 1377 invitas
515 1366 525 1382 ,
546 1341 587 1375 et
605 1333 796 1389 exemplo
828 1348 903 1374 nos
935 1341 1014 1373 tuae
1048 1331 1299 1389 dignationis
1324 1331 1504 1373 hortaris
1528 1330 1669 1372 dicens
1691 1346 1700 1369 :

363 1423 379 1443 α
402 1404 567 1447 vocatis
599 1418 667 1444 me
702 1402 921 1444 dominum
953 1413 994 1444 et
1027 1403 1302 1459 magistrum,
1332 1411 1374 1444 et
1410 1402 1519 1443 hene
1544 1401 1704 1448 facitis;

351 1491 474 1518 »sum
496 1473 667 1515 etenim.
697 1472 740 1514 Si
763 1489 860 1530 ergo
893 1489 970 1530 ego
995 1473 1074 1515 lavi
1097 1474 1225 1530 pedes
1258 1481 1416 1514 vestros
1449 1471 1643 1513 dominus
1665 1481 1706 1513 et

355 1544 598 1600 »magister,
621 1551 663 1582 et
684 1557 755 1583 vos
774 1542 957 1583 invicem
978 1544 1112 1584 lavate
1135 1544 1261 1599 pedes
1276 1540 1474 1583 vestros¹⁸.
1502 1561 1517 1580 ι)

412 1612 506 1657 XV.
543 1610 652 1654 Volo
678 1626 775 1668 ergo
801 1621 842 1652 et
865 1627 941 1669 ego
972 1614 1098 1669 pedes
1120 1613 1258 1654 lavare
1278 1612 1455 1653 fratrum
1480 1626 1673 1653 meorum
1697 1645 1706 1658 ,

355 1684 448 1727 volo
480 1681 650 1724 Domini
687 1681 863 1738 implere
893 1683 1165 1729 mandatum,
1193 1682 1288 1722 volo
1316 1680 1357 1722 in
1387 1696 1455 1722 me
1482 1696 1567 1722 non
1598 1695 1709 1722 vere-

358 1753 561 1801 cundari,
595 1766 679 1793 non
719 1751 936 1808 dedignari
974 1753 1087 1807 quod
1123 1751 1210 1807 ipse
1248 1750 1361 1806 prius
1396 1750 1510 1792 feeit.
1543 1750 1710 1793 Bonum

360 1822 607 1881 mysterium
647 1821 918 1869 humilitatis3
955 1822 1051 1877 quia
1090 1822 1191 1862 dum
1222 1821 1376 1862 alienas
1407 1822 1550 1862 sordes
1590 1822 1708 1867 lavo,

361 1911 475 1939 meas
492 1894 629 1935 abluo.
656 1891 740 1933 Sed
762 1906 846 1933 non
873 1892 955 1933 hoc
980 1907 1126 1933 omnes
1149 1891 1317 1933 haurire
1343 1898 1538 1948 poterant
1558 1899 1711 1948 myste-

361 1967 485 2009 rium.
515 1963 671 2006 Lavare
696 1962 826 2004 voluit
847 1962 1015 2017 quidem
1039 1970 1080 2003 et
1100 1961 1314 2004 Abraham
1337 1959 1488 2018 pedes,
1514 1961 1587 2001 sed
1610 1961 1713 2002 hos-

362 2034 575 2095 pitalitatis
605 2031 804 2075 affectu⁵.
832 2030 1010 2074 Volebat
1039 2040 1082 2073 et
1116 2031 1292 2072 Gedeon
1318 2032 1458 2072 lavare
1478 2030 1606 2086 pedes
1629 2031 1713 2071 An-
1766 2070 1768 2074 Α

364 2109 455 2165 gelo
487 2103 656 2148 Domini
701 2103 810 2159 (27),
853 2102 923 2158 qui
957 2101 1148 2158 apparuit
1181 2101 1290 2143 sihi:
1318 2100 1392 2143 sed
1420 2100 1587 2142 volebat
1616 2101 1711 2149 uni,

364 2177 531 2220 volebat
554 2174 669 2231 quasi
694 2175 725 2216 is
752 2173 822 2230 qui
848 2172 1031 2214 deferret
1047 2171 1316 2228 obsequium,
1334 2185 1420 2213 non
1443 2170 1514 2227 qui
1541 2170 1716 2212 donaret
1767 2224 1768 2227 Ἴ

365 2245 640 2289 consortium.
683 2243 773 2284 Hoc
809 2242 1056 2298 mysterium
1092 2256 1292 2297 magnum
1325 2248 1411 2287 est,
1448 2241 1561 2295 quod
1592 2254 1716 2281 nemo

365 2315 572 2373 cognovit.
600 2313 794 2368 Denique
809 2313 932 2354 Petro
951 2312 1079 2353 dixit:
1098 2330 1112 2349 α
1134 2312 1261 2362 Quod
1277 2325 1354 2367 ego
1375 2310 1482 2352 facio
1499 2318 1547 2352 tu
1565 2311 1714 2357 nescis,
1766 2315 1768 2326 ¹

364 2406 379 2425 »
396 2397 624 2442 cognosces
648 2380 834 2439 postea⁶.
858 2400 873 2420 »
896 2382 984 2423 Hoc
999 2413 1011 2429 ,
1032 2382 1201 2448 inquam
1218 2413 1226 2428 ‚
1262 2380 1450 2422 divinum
1470 2379 1716 2436 mysterium
1766 2410 1768 2415 .

365 2465 453 2505 est,
478 2453 592 2512 quod
622 2453 747 2494 etiam
779 2452 849 2508 qui
883 2452 1084 2499 laverint,
1119 2451 1354 2507 requirent.
1396 2450 1491 2493 Non
1521 2458 1586 2492 est
1620 2464 1718 2506 ergo

411 2558 534 2589 ¹Joan.
550 2567 623 2592 xm,
642 2555 675 2593 8,
694 2560 830 2597 etseqq.
849 2573 888 2577 —
908 2563 919 2577 ¹
950 2554 1036 2585 lbid.
1055 2565 1084 2595 9.
1113 2571 1153 2576 —-
1170 2555 1182 2576 ³
1199 2553 1298 2585 Cant.
1316 2562 1348 2593 v,
1366 2551 1400 2583 5.
1425 2569 1463 2575 -
1490 2551 1502 2574 ⁴
1519 2550 1613 2583 loan.
1645 2559 1719 2586 xm,

369 2611 541 2651 13,14.-
560 2611 572 2632 ⁵
591 2608 666 2642 Gen
698 2608 840 2647 xv11=,!4.
862 2626 899 2631 —-
918 2609 932 2630 θ
955 2608 1052 2640 Jonn.
1073 2617 1146 2646 xiii,
1165 2618 1196 2650 7.
