1806 3256
376 308 430 348 26
919 297 950 346 sss
992 317 1182 346 amnnosu

373 412 473 439 cens
504 411 588 440 non
613 404 675 438 est
702 411 711 438 ε
745 409 823 437 nec
859 394 1038 443 alienus,
1079 393 1177 450 quia
1206 406 1257 433 ex
1291 390 1413 432 Patre
1445 400 1568 434 natus
1586 408 1598 440 ;
1623 386 1721 448 quia

382 485 397 506 α
421 467 554 524 Supra
579 467 717 508 omnia
750 474 814 508 est
845 465 956 507 Deus
994 463 1243 506 benedictus
1270 460 1311 502 in
1337 460 1537 510 saecula¹‚
1560 480 1576 500 n
1611 461 1722 504 sicut

372 535 576 593 scriptum
592 543 668 577 est.
1802 583 1803 587 Ἰ

427 607 580 650 LXIX.
616 605 700 648 Sed
720 605 753 648 si
789 605 969 647 alienum
1002 610 1174 662 putant,
1198 615 1275 642 cur
1294 601 1471 644 adorant
1501 616 1600 644 eum
1629 602 1718 660 (7),
1764 636 1777 641 ,
1801 628 1803 634 ,

369 691 466 718 cum
488 676 691 733 scriptum
715 675 767 717 sit
787 689 798 717 ι
826 693 840 712 ‹·
860 675 1003 731 Neque
1027 671 1218 716 adorabis
1250 671 1384 713 Deum
1421 671 1670 713 alienum²i³
1692 690 1708 712 n

368 746 453 787 Aut
476 746 508 787 si
534 759 618 787 non
643 747 839 793 adorant,
867 744 1094 791 fateantur,
1131 749 1172 783 et
1193 739 1287 782 finis
1310 749 1399 790 est;
1422 756 1475 782 ne
1491 756 1618 797 quem
1640 741 1718 783 sub

368 816 547 872 religiosi
577 816 758 857 nominis
797 814 1055 873 professione
1088 812 1297 868 decipant.
1327 812 1425 854 Haec
1446 825 1599 870 nempe
1621 821 1721 855 sunt

367 886 605 928 testimonia
633 886 962 943 Scripturarum.
1000 885 1084 928 Aut
1116 883 1149 925 si
1188 882 1317 924 habes
1351 883 1490 932 aliud,
1532 883 1720 940 proferre

368 956 552 997 debebis.

424 1023 556 1066 LXX.
606 1023 805 1081 Superest
837 1033 884 1065 ut
913 1033 955 1066 et
987 1023 1243 1079 argumentis
1280 1022 1430 1065 veritas
1475 1023 1711 1080 colligatur.

366 1093 616 1150 Quanquam
649 1095 774 1136 etiam
798 1094 992 1136 humanis
1021 1093 1269 1135 testimoniis
1292 1101 1536 1150 argumenta
1566 1094 1718 1136 cedere

364 1164 524 1205 soleant
544 1180 555 1212 ,·
579 1172 871 1221 argumentare
889 1173 1047 1212 tamen,
1071 1163 1268 1205 haeretice
1283 1195 1294 1211 ,
1316 1172 1361 1205 ut
1378 1164 1504 1204 voles.
1534 1164 1638 1211 Usu,
1659 1164 1719 1205 in-

363 1233 479 1288 quis,
510 1233 738 1289 accipimus
765 1248 814 1275 eo
838 1234 908 1290 qui
936 1233 1139 1282 nascitur,
1169 1233 1353 1290 priorem
1383 1248 1471 1274 esse
1496 1233 1566 1289 qui
1590 1249 1718 1290 gene-

364 1311 439 1344 rat.
467 1303 723 1359 Persequere
746 1303 871 1360 igitur
894 1304 1035 1345 omnia
1053 1303 1223 1359 vestigia
1246 1302 1563 1344 consuetudinis
1585 1336 1593 1350 ‚
1616 1312 1658 1345 et
1684 1303 1718 1345 si

364 1381 513 1414 caetera
537 1373 816 1422 conveniunt,
842 1388 927 1415 nen
948 1373 1105 1415 obsisto
1127 1373 1231 1429 quin
1247 1381 1289 1414 et
1309 1372 1421 1414 istud
1444 1373 1629 1429 requiras
1650 1388 1659 1414 :
1684 1373 1718 1415 si

364 1453 503 1485 autem
531 1445 644 1486 nulla
667 1445 953 1492 concordant,
979 1442 1340 1500 quemadmodum
1363 1458 1458 1485 cum
1483 1443 1619 1486 desint
1643 1459 1718 1486 cae-

363 1522 450 1555 tera
467 1547 476 1562 ,
499 1514 579 1555 hoc
603 1515 738 1555 solum
756 1514 914 1570 exigis?
930 1514 1039 1570 Ergo
1059 1513 1154 1569 quia
1178 1527 1301 1554 usum
1325 1512 1527 1569 requiris,
1548 1515 1716 1570 quando

362 1593 584 1642 generatus
604 1593 666 1626 est
685 1600 735 1627 ex
756 1585 900 1632 Patre,
927 1585 1124 1641 parvulus
1154 1584 1245 1625 fuit.
1275 1583 1425 1626 Vidisti
1447 1584 1488 1624 in
1506 1584 1626 1628 cunis
1648 1586 1717 1626 in·

362 1655 568 1696 santulum
590 1656 821 1712 vagientem
839 1688 849 1705 ‚
870 1670 1091 1712 processus
1120 1654 1279 1710 aliquos
1314 1653 1476 1711 accepit
1497 1655 1656 1703 aetatis;
1682 1654 1715 1696 si

361 1725 472 1766 enim
506 1724 795 1766 infirmitatem
831 1724 1113 1782 generationis
1151 1723 1320 1771 habuit,
1361 1738 1533 1766 necesse
1573 1733 1635 1766 est
1671 1733 1717 1767 ut

361 1809 444 1835 non
473 1796 607 1836 solum
640 1795 862 1842 nascendi,
890 1795 963 1836 sed
980 1794 1106 1836 etiam
1131 1793 1294 1835 vivendi
1317 1793 1512 1834 inciderit
1537 1793 1714 1835 infirmi-

361 1872 502 1905 tatem.

417 1934 570 1977 LXXI.
610 1933 693 1975 Sed
721 1934 895 1976 sortasse
925 1948 974 1975 eo
1009 1932 1240 1990 prolabaris
1260 1932 1476 1980 amentiae,
1502 1941 1548 1973 ut
1565 1933 1616 1974 de
1637 1932 1713 1975 Dei

358 2005 464 2047 Filio
487 2005 559 2046 ista
579 2020 661 2046 non
688 2005 870 2053 abnuas,
898 2005 966 2061 qui
987 2019 1082 2046 eum
1107 2019 1157 2045 ex
1183 2003 1425 2045 infirmitate
1442 2003 1600 2045 metiris
1631 2003 1713 2045 hu-

356 2090 478 2116 mana
501 2092 511 2124 ;
532 2076 633 2132 quid
657 2076 688 2116 si
708 2076 844 2116 Deum
870 2090 1022 2132 negare
1046 2090 1128 2116 non
1160 2082 1278 2132 potes
1311 2074 1507 2122 nomine,
1533 2073 1712 2115 infirmi-

357 2155 442 2187 tate
468 2155 607 2188 tamen
640 2147 854 2188 hominem
894 2147 953 2187 vis
986 2145 1195 2202 probare?
1223 2145 1337 2196 Quid
1370 2145 1401 2186 si
1429 2146 1529 2186 dum
1553 2145 1709 2186 Filium

358 2216 552 2269 discutis,
573 2216 736 2257 Patrem
756 2216 924 2272 arguis:
953 2225 994 2257 et
1014 2217 1114 2257 dum
1140 2215 1308 2256 Christo
1332 2215 1603 2272 praejudicas‚
1631 2216 1711 2258 Pa-

358 2295 464 2327 trem
483 2285 735 2340 adjudicas?

413 2353 588 2396 LXXII.
628 2355 730 2397 Nam
755 2355 785 2396 si
809 2356 946 2396 divina
968 2353 1183 2411 generatio
1205 2354 1394 2410 subjecta
1416 2353 1594 2410 tempori
1614 2353 1706 2402 fuit,

356 2433 396 2464 et
416 2423 457 2465 id
469 2440 518 2465 ex
534 2440 607 2465 usu
626 2425 905 2480 generationis
930 2433 1155 2482 usurpatur
1173 2424 1388 2472 humanae3
1408 2438 1507 2481 ergo
1527 2432 1569 2465 et
1587 2424 1709 2466 Pater

356 2494 562 2549 corporali
588 2502 707 2534 utero
730 2494 908 2549 portavit
927 2494 1077 2535 Filium
1094 2526 1102 2539 ‚
1127 2495 1273 2534 decem
1298 2493 1504 2535 mensium
1525 2493 1708 2535 curricu-

353 2563 401 2603 lis
425 2577 530 2602 0nus
553 2563 671 2604 vexit.
697 2564 779 2604 Sed
802 2562 1014 2619 quomodo
1038 2565 1127 2605 sine
1148 2579 1247 2605 sexu
1272 2564 1403 2605 altero
1425 2563 1705 2620 generationis

399 2661 408 2675 ¹
432 2652 581 2692 Romu,
601 2655 632 2684 5.
655 2670 689 2677 -
712 2663 724 2676 ²
745 2653 828 2685 Psal.
846 2665 938 2693 cxxx,
963 2665 1011 2686 ιο.
