1806 3256
398 301 454 355 74
951 312 982 339 s.
1017 310 1210 340 Aninnosu

394 389 510 431 hunc
527 387 748 430 mundum.
776 386 862 431 Nec
880 387 966 445 ipsa
990 389 1126 431 littora
1153 404 1227 430 nos
1250 390 1375 430 docet
1409 386 1746 432 sanctificatione

392 460 660 502 Divinitatem
684 458 870 516 eguisse,
894 460 968 501 sed
990 475 1174 502 carnem.
1207 459 1400 516 Denique
1428 460 1515 516 ipse
1541 461 1747 503 Dominus

394 529 527 571 dixit:
559 528 647 570 «Et
678 543 753 584 ego
783 530 1080 586 memetipsum
1117 529 1335 571 sanctifico
1374 545 1448 587 pro
1483 529 1604 585 ipsis⁵
1628 547 1638 578 3
1664 550 1679 570 »
1703 540 1749 572 ut

396 615 594 656 agnoscas
620 601 733 654 quod
754 607 794 640 et
817 600 1104 642 sanctificatur
1122 601 1162 642 in
1184 615 1309 642 carne
1332 616 1407 657 pro
1430 601 1550 643 nobis
1568 633 1578 650 ,
1607 610 1648 642 et
1672 601 1748 643 Di-

396 669 568 710 vinitate
592 668 842 711 sanctificat.

456 738 654 780 LXXIX.
692 739 768 780 Hic
788 739 896 780 idom
918 747 980 780 est
998 755 1123 796 quem
1148 741 1270 782 Pater
1293 741 1419 789 misit,
1440 743 1510 783 sed
1535 742 1749 784 «Factum

397 822 477 848 »ex
502 809 701 856 mutim-0,
726 808 881 850 sactum
908 810 985 850 sub
1007 809 1141 867 loge&
1168 830 1182 849 »
1206 825 1252 852 ut
1278 812 1503 868 Apostolus
1528 811 1644 854 dixit.
1671 812 1749 854 Hic

398 887 488 920 cst:
519 879 587 934 qui
619 880 674 921 ait
707 893 716 922 τ
741 897 755 917 «
778 880 955 936 Spiritus
979 881 1145 923 Domini
1172 898 1297 938 super
1318 898 1404 930 me,
1440 892 1614 940 propter
1636 884 1750 939 quod

397 950 544 989 »unxit
567 964 632 990 me
671 951 955 1006 evangelizare
980 952 1236 1007 pauperibus
1259 952 1370 992 misit
1392 951 1499 994 me'.
1529 971 1543 991 n
1573 952 1650 994 Hic
1691 961 1753 994 est

397 1018 467 1073 qui
492 1019 594 1059 dicit
620 1033 662 1058 ει(
681 1019 770 1061 Med
799 1020 990 1061 doctriua
1014 1035 1096 1061 non
1121 1029 1183 1061 est
1207 1035 1319 1068 mea,
1344 1022 1416 1061 sed
1435 1021 1524 1077 ejus
1550 1022 1619 1077 qui
1643 1020 1755 1062 misit

398 1102 507 1128 nmo.
537 1087 577 1128 Si
601 1087 691 1144 quis
720 1090 896 1131 volucrit
928 1091 1186 1131 voluntatem
1219 1090 1309 1146 ejus
1333 1091 1494 1139 facere,
1528 1100 1755 1148 cognoscet

397 1157 480 1198 »de
510 1159 725 1205 doctrina,
759 1167 901 1200 utrum
932 1176 981 1200 ex
1005 1161 1089 1200 Deo
1111 1169 1193 1206 est,
1228 1175 1278 1200 an
1311 1175 1387 1216 ogo
1420 1176 1441 1201 a
1474 1175 1541 1201 me
1567 1160 1655 1217 ipso
1691 1162 1753 1200 lo-

399 1227 574 1283 »quarffi
602 1247 615 1265 υ
645 1228 734 1269 Alia
773 1244 872 1285 ergo
905 1245 954 1270 ex
986 1230 1073 1271 Deo
1106 1230 1321 1276 doctrina,
1356 1231 1432 1271 alia
1469 1246 1519 1272 cx
1564 1230 1749 1271 homine.

397 1295 543 1351 Itaque
575 1296 712 1338 Judaei
748 1313 843 1339 cum
877 1299 1113 1357 doctrinam
1147 1298 1238 1354 ojus
1271 1300 1504 1340 secundum
1539 1299 1754 1340 hominem

397 1375 657 1420 quaerercnt,
689 1376 732 1408 et
761 1369 982 1410 dicerent:
1017 1387 1031 1406 α
1058 1369 1284 1420 Quomodo
1323 1368 1392 1410 hic
1423 1369 1581 1411 litteras
1612 1370 1751 1418 novit,

396 1452 524 1478 »cum
556 1453 640 1478 uon
677 1437 930 1479 didiceritP»
970 1440 1186 1496 respoudit
1216 1439 1360 1485 Jesus,
1394 1448 1435 1480 ct
1468 1440 1601 1482 dixit:
1628 1458 1642 1477 «
1665 1440 1752 1483 Mea

352 1548 354 1553 ,
399 1507 644 1555 »dom-ina,
671 1523 755 1548 non
777 1517 839 1550 est
863 1508 976 1549 mea⁵
997 1526 1006 1559 ς
1025 1528 1039 1546 »
1065 1525 1159 1549 nam
1189 1524 1285 1550 cum
1311 1510 1399 1550 sinc
1424 1510 1659 1551 eruditione
1687 1510 1756 1567 lit·

401 1584 584 1617 terarum
605 1579 770 1625 doceat,
790 1594 871 1619 non
891 1579 1006 1634 quasi
1026 1579 1169 1627 homo,
1190 1581 1262 1621 sed
1283 1580 1422 1636 potius
1442 1588 1486 1620 ut
1501 1581 1613 1620 Deus
1638 1580 1755 1621 vide-

400 1655 468 1688 tur
490 1648 663 1688 docere
689 1648 757 1703 qui
778 1649 1012 1689 doctrinam
1038 1665 1118 1690 uon
1144 1649 1362 1697 didicerit,
1382 1652 1454 1692 scd
1471 1650 1690 1692 invenerit.

456 1716 633 1758 LXXX.
674 1718 900 1759 Adinvenit
931 1718 1040 1759 enim
1071 1734 1239 1760 omnem
1275 1720 1381 1760 viam
1415 1720 1671 1777 disciplinae,
1711 1728 1756 1761 ut

402 1800 527 1841 snpra
552 1788 707 1827 lectum
737 1795 812 1828 est.
852 1787 954 1829 Nam
986 1789 1131 1845 utique
1166 1790 1217 1829 de
1249 1789 1357 1830 Filio
1380 1789 1457 1830 Dei
1475 1789 1634 1831 dictum
1660 1796 1752 1830 est:

412 1872 427 1891 «
444 1855 522 1896 llic
545 1865 606 1897 est
629 1856 741 1898 Deus
766 1865 923 1906 noster,
949 1866 990 1899 et
1014 1873 1096 1900 non
1125 1859 1399 1900 :estimabitur
1423 1858 1525 1900 alius
1553 1860 1604 1900 ad
1633 1873 1753 1906 eum,

398 1943 413 1962 n
429 1925 498 1980 qui
523 1925 917 1969 adinvenitomnem
943 1928 1050 1969 viam
1080 1928 1324 1986 disciplinae.
1350 1930 1447 1971 Post
1468 1930 1556 1971 haec
1577 1929 1616 1971 in
1636 1928 1756 1971 terris

401 1995 542 2036 »visus
576 2004 661 2045 est,
697 2005 738 2038 et
771 2012 869 2039 cum
902 1998 1145 2040 hominibus
1176 2008 1445 2041 conversatus
1471 1999 1574 2042 est⁶.
1599 2018 1614 2039 »
1636 2000 1757 2051 Quo-

402 2067 530 2106 modo
563 2081 662 2123 ergo
698 2070 932 2110 secundum
961 2069 1232 2111 Divinitatem
1257 2071 1494 2113 doctrinam
1523 2085 1640 2113 suam
1672 2085 1756 2111 non

401 2134 551 2184 habet,
580 2136 652 2192 qui
679 2138 892 2180 adinvenit
914 2154 1084 2181 omnem
1114 2140 1222 2181 viam
1252 2141 1506 2198 disciplinae,
1534 2149 1757 2196 antequam

401 2203 617 2246 videretur
634 2205 675 2245 in
703 2207 856 2248 terris?
877 2207 961 2250 Aut
984 2211 1197 2265 quomodo
1218 2209 1372 2258 minor,
1406 2211 1457 2251 de
1485 2225 1567 2266 quo
1595 2209 1757 2251 dietum

401 2282 495 2316 est:
522 2292 536 2312 «
557 2275 648 2317 Non
682 2277 959 2320 aestimabitur
983 2281 1086 2321 alius
1111 2281 1162 2322 ad
1187 2280 1314 2322 eum?
1331 2299 1346 2320 n
1366 2281 1519 2337 Utique
1534 2281 1758 2337 incompa-

401 2344 543 2386 rabilis
571 2345 743 2396 dicitur,
769 2349 819 2389 ad
843 2363 968 2405 quem
996 2365 1122 2392 nemo
1150 2352 1253 2393 alius
1273 2350 1469 2393 aestimari
1490 2359 1658 2408 potest:
1685 2349 1758 2392 sed

399 2413 454 2456 ita
493 2414 860 2474 incomparabilis,
894 2428 939 2462 ut
972 2408 1086 2464 Patri
1116 2431 1300 2479 nequeat
1330 2422 1540 2465 anteferri.
1573 2421 1701 2473 Quod
1724 2417 1758 2462 si

446 2535 457 2550 ¹
482 2528 576 2561 Joan.
598 2540 677 2570 xvix,
699 2541 749 2574 ¹9·
767 2551 808 2556 —
825 2544 837 2558 ²
857 2535 967 2567 Galat.
982 2546 1026 2571 iv,
1042 2537 1076 2574 4.
1093 2556 1133 2561 -
1150 2539 1164 2560 ³
1180 2538 1261 2571 Luc.
1277 2549 1322 2577 iv,
1346 2539 1394 2571 ιδ.
1414 2556 1452 2562 -
1473 2540 1486 2565 ⁴
1506 2537 1604 2571 Joan.
1623 2547 1684 2575 vn,
1704 2535 1754 2574 16,

402 2591 456 2623 ¹7·
469 2600 509 2606 —-
529 2585 541 2605 ⁶
561 2583 651 2618 lbid.
671 2587 721 2620 15.
740 2606 781 2612 --
803 2590 817 2611 ⁶
831 2589 948 2622 Baruc.
965 2601 1014 2628 in,
1030 2591 1085 2631 36,
1101 2597 1133 2624 et
1148 2602 1239 2635 seqq.
