1768 3283
369 479 535 519 derunt.
558 477 608 517 Et
624 476 732 516 bene
756 474 906 515 tabulae
927 473 1068 513 sractae
1090 479 1201 518 sunt,
1225 486 1310 528 non
1333 471 1538 526 scriptura
1562 473 1710 513 deleta.

366 548 417 589 Et
443 557 487 589 tu
507 547 600 588 vide
620 560 670 585 ne
689 544 903 599 frangatur
928 543 1065 584 tabula
1089 550 1174 588 tua,
1196 555 1247 581 nc
1265 555 1382 581 incus
1404 548 1472 582 tua
1493 549 1535 582 ct
1557 540 1717 583 animus

369 616 590 658 (lividatur.
616 613 831 669 Numquid
853 612 1005 654 divisus
1027 619 1089 653 est
1115 609 1332 652 Christus?
1352 610 1443 652 Non
1464 610 1617 652 divisus
1639 618 1716 658 est,

367 689 440 729 sed
472 700 603 728 unum
631 693 694 726 est
720 698 816 725 cum
847 684 1054 725 Patre:ct
1083 691 1123 724 te
1155 696 1279 723 nemo
1303 681 1355 722 ab
1385 696 1436 723 co
1467 690 1642 738 separet.
1677 680 1720 722 Si

368 751 471 798 fides
505 754 690 802 deficiat,
721 754 863 795 tabula
897 752 1034 794 cordis
1062 752 1124 794 tui
1157 751 1373 808 frangitur.
1411 750 1722 792 Comminuitur

369 825 496 867 animi
526 824 763 873 firmitudo,
789 823 821 864 si
847 823 1051 864 unitatem
1076 821 1312 864 Divinitatis
1342 821 1384 862 in
1411 821 1615 863 Trinitate
1637 835 1723 863 non

369 897 527 938 credas.
555 895 720 951 Scripta
743 902 805 934 est
827 901 868 934 et
893 891 996 934 fides
1030 900 1120 940 tua,
1147 890 1302 947 scripta
1329 898 1391 932 est
1418 897 1458 931 et
1488 891 1611 947 culpa
1634 898 1721 939 tua,

369 966 477 1009 sicut
492 965 696 1007 Jeremias
715 964 820 1006 dixit
839 980 848 1003 :
867 981 881 1001 (ι
899 963 1065 1019 Scripta
1083 970 1161 1010 est,
1179 962 1302 1009 Juda,
1323 962 1445 1017 culpa
1464 969 1533 1002 tua
1550 960 1725 1018 graphio

368 1036 532 1078 »ferreo
555 1044 596 1076 et
618 1049 759 1091 ungue
789 1033 1070 1075 adamantino.
1105 1032 1157 1073 Et
1186 1032 1340 1088 scripta
1376 1040 1463 1080 est,
1498 1031 1654 1088 inquit,
1684 1032 1726 1073 in

370 1125 385 1143 »
401 1113 571 1162 pectore
595 1112 636 1145 et
663 1103 706 1145 in
733 1103 861 1144 corde
888 1101 1003 1144 tuo¹.
1027 1101 1119 1142 ·lbi
1149 1101 1276 1159 igitur
1296 1101 1419 1158 culpa
1443 1109 1519 1150 est,
1543 1101 1615 1143 ubi
1639 1116 1728 1158 gra-

371 1177 454 1218 tia:
472 1177 544 1216 sed
567 1176 690 1231 eulpa
713 1173 887 1230 graphio
903 1172 1122 1222 scribitur,
1144 1172 1273 1229 gratia
1290 1171 1448 1229 Spiritu
1469 1171 1721 1230 designatur.

431 1245 547 1289 XVI.
585 1246 676 1287 Iloc
699 1244 828 1301 digito
855 1243 1033 1300 mystice
1060 1243 1187 1285 etiam
1215 1242 1420 1284 Dominus
1439 1241 1580 1291 Jesus,
1613 1242 1730 1284 incli-
1760 1256 1768 1303 ·3

374 1325 473 1358 nato
506 1316 666 1372 capite,
702 1314 913 1356 scribebat
941 1314 981 1354 in
1007 1312 1157 1362 terra²,
1188 1327 1286 1354 cum
1311 1329 1332 1354 a
1354 1312 1510 1355 Judaeis
1540 1314 1727 1355 adultera
1766 1320 1768 1326 '

374 1395 481 1429 esset
509 1387 647 1428 oblata
664 1400 673 1426 ε
690 1374 931 1442 significans
957 1400 1031 1441 per
1056 1383 1251 1441 figuram,
1275 1384 1442 1440 quando
1470 1385 1522 1425 de
1545 1384 1729 1441 peccatis

376 1457 545 1499 alterius
565 1456 822 1512 judicamus,
848 1455 979 1496 nostri
1006 1469 1084 1496 nos
1109 1455 1264 1496 debere
1287 1453 1527 1495 meminisse
1547 1454 1724 1511 peccati.
1765 1470 1768 1510 ξ

435 1526 570 1570 XVII.
599 1526 660 1568 Ac
682 1540 733 1567 ne
751 1540 894 1566 rursus
913 1524 1009 1580 quia
1028 1524 1180 1581 Legem
1201 1524 1313 1565 Deus
1330 1522 1489 1580 Spiritu
1510 1538 1585 1566 suo
1603 1524 1732 1582 scrip·
1764 1543 1768 1569 ς

378 1596 444 1645 sit,
474 1595 644 1637 inferius
668 1594 823 1650 aliquid
846 1603 1044 1650 tanquam
1064 1595 1113 1635 dc
1138 1593 1369 1635 ministerio
1390 1593 1569 1650 Spiritus
1591 1594 1733 1636 crede·
1763 1590 1765 1602 ¹

378 1682 540 1714 remus,
582 1667 647 1708 vel
688 1680 738 1706 ex
778 1665 964 1721 corporis
1004 1664 1135 1706 nostri
1178 1663 1455 1705 aestimatione
1493 1664 1731 1720 portionem

379 1736 606 1793 quamdam
622 1735 812 1791 exiguam
830 1734 905 1775 Dei
925 1734 1126 1790 Spiritum
1143 1741 1403 1790 putaremus,
1421 1733 1589 1775 aitalibi
1603 1733 1732 1790 Apos-

381 1808 490 1848 tolus
509 1821 592 1847 non
610 1821 652 1847 56
672 1805 866 1847 humanae
887 1804 1071 1845 scientiae
1094 1803 1231 1844 verbis
1252 1802 1384 1859 loqui,
1405 1804 1477 1844 sed
1495 1802 1627 1845 doctis
1643 1803 1734 1862 Spi-
1754 1856 1760 1875 ι

381 1878 510 1926 ritus,
541 1886 582 1918 et
608 1875 894 1932 spiritualibus
932 1873 1132 1931 spiritalia
1166 1888 1415 1931 comparare
1434 1873 1445 1894 ³
1474 1889 1482 1915 :
1510 1874 1733 1917 animalem

385 1956 525 1989 autem
554 1946 771 1988 hominem
806 1960 890 1987 non
925 1945 1142 2002 percipere
1172 1959 1262 2000 quae
1293 1952 1390 1986 sunt
1420 1943 1598 2002 Spiritus
1626 1927 1759 2003 Deigi

383 2016 786 2072 sciebatenimquod
800 2015 925 2071 is,qui
936 2015 1073 2057 divina
1086 2014 1322 2056 carnalibus
1335 2023 1612 2072 compararet,
1626 2007 1758 2063 interl

384 2087 576 2129 animalia
593 2095 716 2134 esset,
733 2101 816 2127 non
837 2086 945 2127 inter
962 2085 1165 2142 spiritales
1184 2085 1374 2126 homines
1397 2086 1731 2142 computandus:
1754 2125 1758 2135 ,

393 2175 410 2196 ι
428 2157 613 2199 Stultitia
637 2157 765 2205 enim,
792 2157 943 2212 inquit,
971 2155 1029 2198 illi
1052 2156 1153 2197 est&
1177 2155 1256 2197 »Et
1277 2154 1371 2198 ideo
1394 2156 1488 2212 quia
1510 2156 1636 2198 sciret
1664 2141 1758 2199 has‘

382 2227 545 2269 suturas
577 2242 666 2268 esse
694 2226 936 2268 animalium
971 2225 1191 2267 hominum
1223 2225 1497 2283 quaestiones,
1528 2241 1736 2283 praesagus

382 2297 513 2339 futuri
536 2297 592 2338 ait
612 2312 621 2337 ε
638 2315 652 2334 «
678 2292 781 2348 Quis
804 2297 914 2338 enim
945 2297 1139 2354 cognovit
1162 2311 1329 2338 sensum
1356 2296 1541 2346 Domini,
1574 2295 1644 2352 qui
1671 2296 1736 2338 in—

384 2387 399 2408 »
414 2375 547 2409 struat
565 2367 685 2409 eum⁵
702 2367 720 2408 Ρ
738 2385 751 2406 n
768 2367 849 2410 Nos
868 2375 1008 2409 autem
1029 2381 1198 2409 sensum
1220 2365 1376 2409 Christi
1394 2366 1615 2409 habemus.

373 318 449 358 *bb
909 327 938 354 5,
978 325 1168 353 Αλιηῐιοειι

363 407 515 464 Moysis
535 405 753 452 manibus;
778 403 873 460 quia
895 403 1029 444 Judaei
1058 418 1076 443 a
1105 401 1359 459 propheticis
1381 401 1577 458 operibus
1604 401 1713 443 exci-

1759 1235 1768 1256 l.

429 2478 439 2493 ¹
461 2471 580 2503 Jerem.
599 2480 678 2509 xvii,
696 2480 727 2502 ι.
742 2487 781 2494 -
800 2480 811 2494 ·
830 2469 926 2503 Joan.
945 2481 1015 2510 vm,
1034 2470 1068 2504 6.
1084 2487 1124 2495 —
1143 2472 1155 2496 ³
1174 2481 1187 2503 ι
1212 2471 1284 2502 Cor.
1312 2480 1349 2508 11,
1370 2469 1420 2502 13.
1440 2487 1479 2494 --
1503 2468 1620 2503 ⁴1bid.
1643 2469 1736 2507 14.—

382 2526 395 2547 ⁵
435 2525 503 2558 bid.
530 2526 579 2558 16.
