1768 3283
382 284 432 311 DE
467 283 623 311 sP1R1TU
657 284 830 314 SANCTO.
869 286 948 314 Lm.
988 287 1015 314 1.
1288 273 1373 328 309

30 454 389 472 mmmmmxwwswv
394 457 465 473 νυννι
472 457 697 474 vvvvnmvvvwv
702 456 969 475 mvwvwmkuw
973 455 1101 473 mmm
1106 454 1281 475 »summum
1287 455 1377 475 Μυκη

579 599 754 643 CAPUT
786 600 840 644 X.

37 754 166 806 Quod
185 754 383 811 Spiritus
399 763 576 810 peecata
602 754 844 800 condonat,
870 752 948 794 hoe
968 751 1037 794 illi
1056 766 1156 793 cum
1181 751 1314 793 Patre
1329 764 1383 792 ae

153 824 297 873 Filio,
316 839 406 865 non
427 834 572 866 atatem
594 838 694 865 cum
715 823 900 880 Angelis
918 836 1001 864 esse
1018 835 1261 862 commune.

99 980 222 1024 CVII.
262 982 342 1024 Dic
372 982 512 1039 igitur,
543 981 799 1039 quicumque
834 981 1011 1039 Spiritus
1034 981 1166 1023 sancti
1187 979 1387 1023 Divinita-

40 1063 125 1096 tem
155 1069 294 1112 negas,
325 1053 501 1110 Spiritus
535 1062 674 1095 autem
692 1054 898 1095 obnoxius
919 1068 1000 1093 uon
1019 1053 1155 1110 potuit
1175 1068 1265 1094 esse
1285 1067 1385 1110 pee-

40 1135 135 1167 cato
154 1158 162 1173 ,
207 1126 277 1181 qui
315 1125 444 1181 magis
487 1133 659 1181 peccata
684 1122 923 1165 condonat?
953 1123 1170 1179 Numquid
1206 1123 1390 1179 Angelus

43 1195 203 1237 donat?
221 1195 426 1251 numquid
449 1193 764 1251 Archangelusi‘
782 1194 873 1236 Non
891 1193 1059 1249 utique:
1088 1194 1160 1234 sed
1184 1193 1312 1234 donat
1328 1207 1390 1233 so-

41 1268 105 1308 lus
126 1268 262 1314 Pater,
283 1267 396 1307 solus
418 1265 546 1306 Filius
562 1297 573 1312 ,
598 1266 709 1306 solus
727 1264 906 1321 Spiritus
929 1262 1138 1305 sanctus¹.
1168 1263 1300 1306 Nemo
1323 1276 1392 1304 au-
1447 1292 1449 1294 -

45 1345 127 1378 tem
149 1338 260 1392 quod
278 1344 413 1392 potest
437 1337 593 1378 donare
608 1369 618 1384 ‚
643 1350 726 1376 non
750 1343 885 1390 potest
902 1334 1070 1376 evitare.

103 1409 246 1451 CVIII.
285 1408 369 1450 Sed
389 1408 561 1449 fortasse
579 1407 679 1448 dixit
701 1407 846 1462 aliquis
868 1407 963 1462 quia
985 1414 1027 1447 et
1049 1404 1270 1462 Seraphim
1293 1402 1396 1446 dixit

44 1481 174 1522 Esaiae.
197 1495 206 1521 ε
232 1497 247 1518 α
272 1480 382 1521 Ecce
405 1478 539 1535 tetigit
558 1478 638 1520 hoc
656 1478 766 1519 labia
787 1486 880 1525 tua,
908 1485 950 1518 et
978 1476 1134 1518 auferet
1157 1475 1396 1532 iniquitates

47 1569 61 1589 n
78 1559 183 1598 tuas,
197 1558 238 1592 et
252 1558 423 1606 peccata
442 1557 511 1590 tua
527 1546 934 1603 circumpurgabit2.
957 1547 1153 1594 Auferet,
1179 1545 1330 1602 inquit,
1355 1554 1398 1587 et

49 1641 63 1660 ι)
79 1618 440 1676 circumpurgabit
455 1633 485 1658 :n
500 1633 585 1659 non
609 1632 685 1673 ego
701 1618 903 1669 auferam,
917 1616 989 1658 sed
1003 1617 1107 1673 ignis
1121 1617 1191 1659 ille
1210 1617 1261 1658 de
1274 1615 1394 1657 altari

46 1691 148 1738 Dei,
168 1690 248 1731 hoc
271 1697 334 1730 est
350 1721 360 1737 ‚
386 1687 516 1744 gratia
551 1687 757 1744 spiritalis.
776 1687 889 1737 Quid
902 1686 1013 1728 enim
1034 1686 1145 1728 aliud
1167 1686 1234 1744 pie
1252 1685 1403 1727 intelli-

47 1775 144 1816 gere
166 1774 387 1816 possumus
417 1758 457 1798 in
492 1757 609 1798 altari
640 1757 712 1798 Dei
737 1771 848 1804 esse,
885 1756 962 1798 nisi
991 1755 1169 1813 Spiritus
1196 1754 1402 1812 gratiam?

48 1830 139 1872 Non
158 1830 303 1885 utique
324 1829 484 1884 lignum
508 1829 717 1884 sylvarum
732 1860 741 1874 ‚
757 1842 832 1868 nec
855 1826 1070 1882 fuliginem
1099 1835 1224 1882 atque
1257 1826 1403 1867 carbo·

48 1916 160 1943 nem.
188 1900 272 1942 Aut
288 1899 390 1955 quid
413 1907 496 1939 tam
518 1898 658 1954 pium,
682 1912 807 1953 quam
831 1905 876 1938 ut
894 1897 1127 1938 secundum
1152 1895 1401 1952 mysterium

49 1971 330 2028 intelligamus
352 1970 448 2026 quia
471 1968 738 2009 revelabatur
756 1967 796 2008 fn
814 1982 886 2007 ore
903 1966 1031 2007 Esaiae
1050 1981 1194 2007 omues
1212 1965 1403 2008 homines

49 2057 126 2099 per
146 2041 380 2097 passionem
399 2038 553 2080 Christi
575 2053 664 2079 esse
682 2038 919 2094 purgandos
933 2069 944 2085 ,
965 2036 1035 2093 qui
1059 2038 1170 2078 velut
1192 2036 1320 2078 carbo
1343 2051 1405 2077 se-

53 2114 241 2154 cundum
266 2125 435 2152 carnem
458 2109 614 2150 exussit
631 2117 769 2149 nostra
786 2116 976 2164 peccata,
1002 2107 1111 2148 sicut
1132 2107 1172 2148 in
1197 2106 1402 2150 Zacharia

52 2183 210 2224 habes:
235 2199 250 2220 α
268 2181 413 2224 Nonne
436 2180 504 2221 hic
526 2179 615 2221 titio
636 2178 797 2234 ejectus
832 2178 881 2219 ab
913 2177 998 2234 igni
1017 2177 1034 2219 Ρ
1052 2177 1105 2219 Et
1130 2177 1199 2219 ille
1222 2185 1310 2219 erat
1329 2176 1380 2219 <le
1395 2201 1405 2208 -

55 2272 69 2291 »
85 2268 152 2306 sus
176 2252 346 2293 indutus
368 2249 612 2291 vestimenta
635 2247 800 2289 sordida
816 2246 844 2289 ³.
870 2266 884 2286 »

114 2322 222 2364 CIX.
263 2321 452 2376 Denique
473 2328 518 2360 ut
540 2318 720 2360 sciamus
745 2317 982 2359 communis
1007 2317 1088 2359 hoc
1103 2314 1406 2374 redemptionis

57 2391 303 2449 mysterium
327 2405 401 2445 per
426 2387 654 2444 Prophetas
673 2387 983 2428 evidentissime
1008 2388 1238 2428 revelatum
1253 2418 1263 2433 ‚
1282 2385 1409 2427 etiam

58 2463 139 2504 hoc
166 2463 260 2504 loco
286 2460 415 2501 habes
443 2458 634 2500 dictum:
661 2475 675 2495 a
693 2458 803 2499 Ecce
834 2457 1004 2498 abstulit
1027 2465 1200 2514 peccata
1235 2455 1356 2502 tua⁵3
1382 2472 1397 2492 n

30 2570 37 2577 .
60 2547 144 2575 non
168 2532 279 2588 quod
298 2529 487 2572 Christus
515 2535 687 2585 peccata
718 2542 790 2568 sua
813 2527 1069 2583 deponeret,
1093 2525 1164 2581 qui
1187 2532 1408 2583 peccatum

109 2644 115 2657 ¹
145 2633 223 2665 Luc.
248 2644 276 2668 v,
295 2643 342 2664 21.
361 2649 396 2656 -
419 2639 429 2653 ²
450 2632 524 2663 Isai-
543 2640 683 2671 ‘'¹12²—
706 2630 718 2652 3
736 2627 835 2660 Zuch.
856 2637 947 2667 uta,
966 2628 996 2661 5.
1016 2645 1053 2652 —
1073 2629 1085 2655 ί
1105 2626 1190 2659 lbid.
1206 2626 1237 2665 4.
