1768 3283
369 339 452 381 326
907 357 937 384 s.
977 357 1168 386 Aussnosu

366 437 498 494 possit
524 437 726 493 obrepere
749 451 757 477 :
782 436 825 477 in
853 436 1036 478 tenebris
1061 444 1197 478 autem
1224 435 1484 478 saecularium
1513 437 1714 494 cupidita-

358 507 477 556 tum,
510 515 550 548 et
575 506 682 548 inter
711 507 1019 548 oblectamenta
1049 505 1309 547 terrestrium
1334 506 1366 547 si
1396 521 1520 562 quem
1549 507 1717 564 ceperit
1749 471 1755 543 i

362 579 648 633 voluptatum,
673 576 786 616 omni
810 575 971 616 virtutis
988 583 1153 616 aeternae
1171 573 1275 616 ssore
1293 574 1507 631 despoliet.
1535 576 1588 617 Et
1611 575 1705 622 ideo
1752 580 1755 594 '

361 647 567 690 Dominus
597 646 698 688 dicit
718 661 725 686 :
745 645 1068 687 «Thesaurizate
1095 645 1212 686 vobis
1240 645 1457 687 thesauros
1491 646 1531 686 in
1559 647 1665 687 coelo
1697 660 1706 687 :
1752 644 1755 653 ‘

362 717 464 758 „ubi
497 731 632 772 neque
652 730 815 772 aerugo,
846 730 982 771 neque
1006 715 1116 756 tinea
1137 715 1414 763 exterminat3
1442 724 1483 756 et
1506 715 1576 756 ubi
1599 715 1712 757 sures

362 807 377 828 ι)
393 802 476 829 non
494 786 701 829 effodiunt
717 787 974 828 etsurantur.
994 786 1073 828 [bi
1089 786 1202 827 enim
1219 786 1344 828 suerit
1363 785 1580 828 thesaurus
1601 794 1714 836 tuus,
1751 798 1755 845 ξ

364 860 451 903 »ibi
474 859 554 918 erit
575 868 616 901 et
638 874 711 901 cor
733 858 894 900 mum’.
913 877 927 897 n

420 930 543 973 CLX.
580 931 737 986 AErugo
764 937 903 970 nostra
930 927 1097 970 lascivia
1119 935 1209 976 est,
1244 942 1383 984 aerugo
1405 935 1548 969 nostra
1581 927 1719 970 libido

361 1009 447 1051 est,
482 1015 620 1056 aerugo
653 1008 792 1040 nostra
825 998 985 1040 luxuria
1008 1006 1092 1045 est,
1119 1013 1210 1053 quae
1238 997 1490 1054 flagitiorum
1512 998 1720 1040 sordibus
1751 985 1754 1003 ³

363 1071 496 1111 aciem
524 1069 676 1111 mentis
707 1070 940 1110 obducunt.
969 1069 1094 1111 Tinea
1125 1083 1267 1108 rursus
1293 1076 1431 1109 nostra
1456 1066 1602 1108 Arrius
1626 1075 1714 1116 est,
1750 1058 1753 1101 ’ἶ

365 1141 474 1182 tinea
493 1148 631 1181 nostra
649 1139 852 1181 Photinus
871 1147 932 1180 est
948 1171 957 1185 ,
978 1139 1048 1194 qui
1071 1146 1263 1179 sanctum
1280 1138 1478 1179 Ecclesiae
1501 1139 1718 1179 vestimen·
1750 1164 1754 1203 ἶ

366 1219 457 1252 tum
485 1210 698 1266 impietate
727 1224 800 1250 sua
827 1209 1048 1255 scindunt;
1085 1216 1126 1249 et
1159 1208 1364 1249 unitatem
1396 1207 1546 1249 divinae
1575 1217 1722 1264 potes·
1749 1212 1754 1254 ξ

369 1280 461 1321 tatis
484 1279 740 1320 individuam
765 1293 957 1335 separare
975 1279 1218 1335 cupientes,
1246 1278 1450 1334 sacrilego
1471 1293 1612 1319 morsu
1631 1293 1721 1335 pre·
1750 1285 1753 1333 j

366 1351 518 1391 tiosuu]
546 1348 641 1390 fidei
667 1350 855 1390 velamen
879 1349 1104 1389 obrodunt.
1135 1349 1347 1390 Funditur
1365 1364 1467 1404 aqua
1485 1381 1495 1396 ,
1521 1349 1552 1390 si
1579 1348 1724 1390 Arrius
1750 1353 1753 1364 '

371 1422 540 1461 dentem
565 1420 822 1476 impresserit
847 1434 854 1459 :
881 1419 1036 1466 effluit,
1062 1419 1094 1460 si
1119 1420 1310 1460 aculeum
1338 1434 1459 1459 suum
1484 1418 1523 1458 in
1550 1418 1725 1474 alicujus

371 1506 441 1532 vas
464 1491 666 1532 Photinus
691 1488 885 1530 infixerit.
920 1488 1005 1530 Vile
1041 1488 1287 1545 figmentum
1319 1503 1489 1535 sumus,
1517 1487 1598 1528 cito
1626 1487 1723 1528 vitia
1750 1491 1753 1534 ,’

370 1561 586 1602 sentimus.
614 1560 697 1601 Sed
720 1575 842 1600 nemo
868 1559 968 1600 dicit
996 1558 1121 1615 figulo
1145 1574 1152 1598 :
1172 1576 1186 1596 α
1203 1559 1317 1609 Quid
1335 1574 1402 1599 me
1425 1557 1557 1599 fecisti
1576 1557 1715 1598 sic²?»
1749 1597 1753 1603 ,

368 1631 473 1673 Nam
499 1630 574 1672 etsi
599 1631 677 1671 vile
703 1645 771 1670 vas
798 1637 1012 1676 nostrum,
1042 1628 1154 1669 aliud
1178 1636 1318 1668 tamen
1341 1627 1382 1668 in
1404 1627 1590 1674 honore,
1615 1626 1743 1668 aliud«

371 1701 412 1742 in
438 1700 691 1742 contumelia
727 1698 828 1741 est³.
868 1699 959 1740 Noli
992 1714 1091 1754 ergo
1120 1698 1281 1754 aperire
1312 1698 1450 1738 lacum
1477 1706 1621 1745 tuum,
1644 1696 1727 1739 noli

371 1773 515 1814 fodere
553 1772 662 1813 vitiis
702 1779 826 1826 atque
860 1769 1133 1814 criminibus,
1169 1783 1221 1809 ue
1254 1767 1345 1824 quis
1379 1767 1487 1808 dicat
1510 1782 1550 1807 :a
1571 1766 1730 1809 Lacum

373 1842 563 1899 »aperuit
581 1875 591 1889 ,
613 1851 654 1883 et
670 1840 815 1883 effodit
836 1855 933 1882 eum
957 1855 965 1879 :
986 1848 1028 1881 et
1050 1838 1197 1880 incidit
1218 1837 1258 1879 in
1276 1838 1458 1885 foveam,
1485 1852 1610 1893 quam
1634 1852 1750 1894 ope-.

379 1921 522 1955 »ratus
550 1913 682 1954 estb.»
1749 1963 1751 1965 q

436 1986 580 2028 CLXI.
618 1984 661 2025 Si
698 1985 839 2025 Jesum
875 1982 1060 2039 quaeritis
1085 2014 1094 2030 ‚
1141 1980 1344 2022 contritos
1376 1981 1491 2021 lacus
1524 1977 1751 2026 deserite3

382 2055 572 2097 Christus
611 2054 723 2096 enim
768 2068 851 2095 non
891 2055 944 2094 ad
979 2054 1147 2100 lacum,
1187 2052 1260 2092 sed
1294 2051 1347 2091 ad
1366 2059 1545 2107 puteum
1584 2049 1730 2090 sedere

375 2126 603 2168 consuevit.
644 2124 706 2166 Ibi
746 2139 842 2164 eun]
886 2122 1144 2164 Samaritana
1181 2122 1248 2162 illa
1281 2135 1372 2176 quae
1416 2118 1621 2165 credidit,
1665 2117 1751 2159 illa

378 2213 470 2254 quae
502 2211 650 2252 aquam
686 2195 855 2236 haurire
875 2193 1096 2250 cupiebat,
1135 2190 1336 2232 invenit⁵.
1377 2189 1578 2240 Quamvis
1610 2202 1734 2229 mane

378 2269 521 2309 venire
564 2266 790 2312 debueris,
833 2274 973 2305 tamen
1011 2263 1170 2304 etiamsi
1205 2262 1335 2302 serius
1376 2258 1561 2307 veneris,
1605 2253 1750 2300 etiam

379 2349 491 2381 sexta
527 2325 808 2380 hora'Jesum
841 2337 1058 2392 fatigatum
1101 2335 1151 2376 ab
1198 2334 1344 2374 itinere
1383 2331 1581 2373 invenies.
1618 2328 1735 2369 Fati-

380 2420 498 2469 gatus
536 2425 621 2457 est,
665 2409 737 2450 sod
781 2408 821 2448 iu
854 2416 915 2453 te3
958 2406 1053 2462 quia
1086 2405 1157 2446 diu
1195 2412 1234 2445 te
1262 2403 1472 2458 quaesivit,
1520 2409 1588 2442 tua
1618 2399 1737 2442 illum

377 2481 522 2524 tandiu
565 2479 834 2522 incredulitas
870 2476 1066 2533 fatigavit.
1104 2474 1195 2517 Non
1227 2472 1454 2515 offenditur
1487 2479 1628 2512 tamen
1653 2501 1664 2518 ,
1701 2468 1736 2510 si

353 2554 505 2611 ‚modo
538 2551 676 2594 venias
707 2565 716 2591 ε
746 2547 850 2606 petit
882 2548 1048 2594 bibere,
1085 2546 1272 2587 daturus.
1317 2542 1433 2585 Bibit
1469 2549 1608 2583 autem
1642 2553 1753 2580 non

429 2665 434 2676 ·
457 2654 576 2686 Matth.
594 2664 640 2691 vi,
667 2663 714 2686 20.
746 2669 785 2676 —
807 2661 819 2675 2
846 2651 940 2683 Rom.
959 2659 1008 2691 ις,
1023 2659 1074 2681 20.
1093 2664 1134 2672 -
1152 2645 1269 2678 ³1bid.
1284 2655 1336 2678 ιι.
1352 2661 1392 2669 -
1413 2645 1426 2672 ⁴
1445 2643 1526 2678 Psal.
1546 2653 1602 2681 vn,
1624 2642 1675 2676 16.
1692 2651 1753 2666 —'

388 2714 402 2735 ⁵
420 2711 517 2744 Joan.
535 2719 576 2748 iv,
595 2709 624 2740 6.
996 2732 1006 2747 ,
