1768 3283
638 256 773 284 isnax.
1292 243 1372 286 515

75 344 136 370 tam
151 335 321 369 secundum
344 337 550 368 Divinitatein
570 345 626 365 nec
643 332 772 374 coepisse
786 342 823 363 ex
841 337 997 376 tempore,
1015 345 1071 365 nec
1088 334 1226 376 pendere
1248 335 1287 364 ab

75 393 181 434 aliquo
202 402 209 422 z
226 392 329 422 locuni
345 401 420 422 vero
436 390 475 421 de
493 392 628 420 humana
647 387 742 428 ipsius
767 387 829 417 vita
848 386 1086 429 intelligendum
1104 400 1137 419 ex
1163 400 1201 419 eo
1218 400 1290 430 pru—

76 447 157 482 bari,
171 446 254 487 quod
272 445 389 475 ibidem
404 445 442 475 de
458 453 591 484 corpore
607 451 640 472 ac
655 440 805 480 sanguine
819 451 874 471 suo
890 441 1096 481 praemiserat.
1111 440 1195 472 Tum
1212 442 1294 473 dua-

77 510 146 531 rum
161 498 353 530 controversi
377 498 434 528 lori
453 496 686 538 expositionum
703 494 837 535 primam
857 495 967 525 reterri
985 494 1025 525 ad
1050 494 1290 532 humanitatem,

77 558 108 585 et
124 553 260 584 secunda
280 551 351 582 Filii
369 562 439 582 cun:
466 551 558 582 Pati-e
575 548 800 591 aequalitatim,
816 557 847 576 ni
859 557 940 578 cnon
955 559 1025 579 cum
1043 548 1170 580 homine
1186 549 1295 580 simili-

79 607 222 639 tudinem
239 605 352 647 signari
377 606 481 637 docet.
502 604 625 635 Deinde
645 602 810 644 pei-stricta
828 611 921 642 quam
949 602 1031 633 Filio
1047 602 1231 642 inurebant,
1247 604 1296 635 in-

76 662 174 703 juria,
188 671 250 703 quo
267 667 359 702 pacto
373 660 469 691 etiam
485 658 654 690 svn-undum
677 656 887 687 Dninitatem
908 662 1038 697 propter
1055 656 1182 689 Patrem
1202 661 1298 698 vivat,

80 715 193 758 aperit.
213 716 257 745 Ac
281 713 408 746 tandein
426 718 569 755 exp051t0
583 721 653 753 quae
681 719 753 740 vttae
775 716 892 740 nostra:
918 721 988 741 cum
1005 710 1111 742 divina
1129 713 1232 744 unitas
1248 713 1298 748 sit,

80 770 173 801 aliam
204 767 428 810 objectionem,
465 777 525 808 qua
552 765 651 796 Filius
681 774 736 806 pei·
767 763 893 794 Patrem
921 763 1086 795 clarificari
1114 766 1299 808 opponitur,

80 823 185 865 paucis
198 821 344 852 absolvit.
1332 822 1390 863 175

39 878 148 908 Cum*
180 874 244 906 Xl.
275 875 451 904 Discrimen
481 872 566 914 quod
593 869 734 902 conflare
769 869 894 901 Arriani
923 869 1139 902 moliebantur
1162 882 1179 903 e
1195 873 1300 905 verbis

85 930 228 971 Apostoli
246 938 283 959 ex
298 928 393 959 Patre
410 927 528 958 omnia.
546 930 576 956 et
601 935 656 966 per
671 923 787 954 Filium
801 923 907 954 omnia
932 932 997 954 esse
1014 923 1169 961 docentis,
1185 925 1302 958 irride-

83 990 146 1016 tur.
161 981 350 1014 Ostenditur
366 979 450 1011 enim
463 978 529 1010 illic
547 977 690 1010 eamdem
713 977 813 1008 Patris
829 987 864 1008 ac
880 976 950 1008 Filii
969 978 1233 1019 omnipotentiam
1249 992 1303 1012 ex..

84 1036 176 1080 primi
194 1048 201 1066 :
217 1036 301 1078 quod
318 1046 389 1066 cum
409 1046 446 1066 ex
462 1035 530 1066 aliis
551 1035 645 1069 locis,
669 1038 738 1064 tum
755 1043 792 1064 ex
808 1033 904 1074 ipsius
920 1032 1008 1063 Pauli
1027 1037 1118 1065 textu
1133 1034 1299 1067 confirma-

84 1098 145 1122 tur.
166 1089 262 1122 Hunc
279 1089 415 1120 absurde
432 1088 471 1119 ad
489 1088 616 1119 Patrem
645 1086 756 1118 resen-i
778 1086 819 1117 ab
835 1085 1009 1121 haereticis,
1033 1096 1069 1117 ac
1085 1087 1246 1128 pertinere
1263 1090 1303 1120 ad

87 1143 204 1175 Filium
223 1152 260 1174 ex
290 1142 432 1184 ejusdem
451 1141 532 1172 serie
559 1141 795 1172 demonstrari:
820 1149 878 1171 nec
904 1145 1010 1171 tamen
1037 1141 1210 1183 quidquam
1236 1140 1310 1173 Filii

31 1209 34 1214 >
85 1196 228 1237 derogari
240 1196 407 1238 potentiae,
422 1195 445 1226 si
463 1194 503 1226 de
524 1193 617 1225 Patre
630 1193 836 1234 intelligatur.
858 1193 1023 1224 Postremo
1038 1193 1160 1232 mistis,
1176 1205 1213 1225 ex
1225 1206 1301 1238 quo,

86 1262 142 1293 per
162 1260 270 1292 quem,
287 1254 318 1281 et
333 1250 365 1280 in
377 1258 439 1290 quo
455 1247 588 1289 aliquid,
606 1248 726 1278 nullam
741 1246 943 1278 intercedere
953 1245 1177 1284 differentiam,
1191 1254 1222 1282 et
1239 1250 1305 1281 iiaec

88 1303 194 1335 omnia
207 1303 246 1334 de
259 1301 361 1334 trihus
375 1301 518 1344 personis
537 1300 599 1332 dici
610 1321 619 1337 ‚
635 1300 764 1331 evincit.

46 1361 159 1392 Cnur
174 1358 255 1390 ΧΠ.
283 1357 380 1397 Quod
399 1355 612 1397 objiciebatur
628 1365 667 1387 ex
686 1355 813 1386 Joanne
829 1354 946 1387 Filium
962 1356 1018 1387 viti
1034 1360 1066 1388 et
1082 1357 1210 1389 Patrem
1225 1359 1311 1400 agi-i-

89 1414 168 1445 colae
183 1410 382 1454 comparari,
402 1409 440 1441 de
455 1409 675 1441 incarnatione
690 1409 931 1449 intelligendum
950 1420 956 1440 :
977 1411 1030 1452 qui
1050 1421 1127 1442 vero
1142 1414 1317 1445 secundum

89 1467 327 1511 generationim
350 1465 491 1496 divinam
506 1464 583 1496 illud
601 1463 782 1506 accipiant,
812 1464 896 1495 Filio
919 1464 996 1496 duas
1025 1464 1158 1506 injurias
1176 1466 1315 1507 inferre,

90 1532 185 1565 quem
199 1525 231 1552 et
247 1520 345 1551 Paulo
362 1523 569 1561 postponant,
584 1523 754 1560 etaequent
772 1517 840 1548 aliis
853 1517 1034 1549 homiuibus
1048 1529 1056 1549 ε
1072 1519 1205 1551 totidem
1218 1523 1316 1552 etiam

93 1576 178 1608 Patri
193 1597 202 1613 ‚
219 1585 315 1617 quem
331 1584 396 1605 non
409 1573 512 1604 solum
527 1572 631 1604 eidem
648 1573 804 1614 Apostolo
820 1583 946 1614 parem,
965 1574 1019 1604 sed
1036 1574 1131 1606 etiam
1148 1574 1239 1606 nihili
1252 1586 1317 1608 esse

92 1628 409 1663 testificentur-‚Tum
423 1627 500 1658 falsa
515 1626 785 1668 interpretatione
804 1628 908 1658 denuo
922 1627 1057 1668 rejecta,
1080 1639 1218 1671 veraque
1238 1640 1317 1661 con-

93 1684 216 1717 firmata
231 1708 238 1719 ,
254 1681 353 1714 Filius
364 1691 492 1724 quoque
517 1681 691 1713 secundum
714 1680 927 1712 Divinitatem
945 1682 1080 1723 agricola
1103 1692 1169 1714 esse
1181 1706 1190 1720 ,
1208 1694 1243 1715 ac
1259 1695 1317 1716 uva

93 1737 266 1771 secundum
285 1734 514 1767 humanitatem
531 1758 540 1772 ‚
558 1734 713 1766 astruitur
729 1745 737 1771 ;
767 1734 850 1766 unde
865 1735 1009 1776 superior
1026 1736 1247 1778 praecellentiae
1263 1748 1318 1780 pa-

94 1798 194 1825 ternae
207 1789 378 1832 explicatio
389 1788 562 1820 stabilitur.
1343 1793 1404 1832 184

54 1849 155 1879 Lmen
177 1844 217 1878 V.
245 1843 408 1885 Prologus.
432 1842 588 1882 Quisnam
605 1842 706 1875 fidelis
719 1847 749 1874 et
766 1841 905 1885 prudens
917 1843 1047 1874 servus?
1061 1842 1138 1884 Ejus
1152 1854 1271 1877 merces
1285 1848 1318 1877 in

99 1901 196 1933 Petro
212 1899 383 1937 indicatur,
401 1898 477 1930 item
492 1897 588 1930 etiam
612 1900 641 1928 fin
665 1898 764 1930 Paulo
779 1919 788 1935 ,
811 1897 899 1938 cujus
917 1897 1095 1930 auctoritati
1112 1908 1225 1940 parere
1243 1899 1320 1932 Am-

98 1954 222 1987 brosius
234 1953 366 1994 cupiens
384 1951 469 1983 hunc
482 1951 602 1983 librum
617 1951 687 1982 aliis
703 1952 863 1994 adjectum
875 1951 994 1990 votuit,
1020 1951 1073 1994 qui
1095 1962 1160 1983 non
1180 1954 1321 1995 potuerit

96 2009 128 2040 in
141 2006 306 2050 superiore
317 2005 558 2047 comprehendi.
575 2004 665 2044 Quid
682 2004 713 2036 in
733 2005 791 2036 hoc
805 2005 1026 2047 disputaturus
1041 2005 1101 2042 sit,
1121 2016 1224 2049 quove
1238 2018 1322 2039 con-

97 2061 190 2093 silio?
208 2059 327 2091 Deberi
347 2059 408 2090 sibi
432 2058 557 2090 veniam
571 2081 580 2097 ‚
612 2068 684 2090 cum
700 2059 739 2090 ab
761 2059 909 2090 omnibus
924 2059 1077 2091 ministris
1093 2061 1264 2102 quaerenda
1279 2063 1320 2095 sit

98 2115 229 2148 crediiae
241 2113 299 2146 sibi
318 2112 461 2156 pecuniae
474 2123 582 2144 usura.
610 2113 706 2144 Hanc
722 2113 782 2144 sibi
796 2123 923 2144 usuram
942 2112 1050 2145 fideles
1069 2123 1136 2146 esse
1157 2125 1165 2145 ε
1191 2114 1323 2147 beatum

98 2174 204 2202 autem
220 2168 306 2209 fore,
323 2167 347 2199 si
365 2167 544 2199 mercedem
568 2177 695 2210 sperare
722 2167 783 2198 sibi
808 2167 920 2203 liceat3
950 2177 982 2198 se
1007 2172 1113 2199 tamen
1141 2174 1323 2202 sanctorum

100 2222 228 2266 praemia
246 2232 310 2254 non
330 2228 396 2254 tam
420 2227 553 2264 optare,
576 2232 671 2264 quam
699 2232 865 2264 poenarum
888 2222 1122 2254 immunitatem
1136 2246 1145 2262 ,
1171 2223 1211 2255 ad
1228 2235 1323 2267 quam

101 2277 283 2311 merendam
299 2287 407 2309 omnes
423 2277 584 2313 hortatur,
1351 2281 1409 2315 183

58 2333 167 2366 Caput
182 2331 210 2363 l.
238 2331 342 2371 Quam
367 2330 456 2373 impii
470 2331 533 2362 sint
551 2330 691 2368 Arriani,
717 2330 792 2362 dum
809 2329 887 2362 illud
903 2330 933 2361 in
952 2340 1015 2372 quo
1034 2330 1171 2363 humana
1193 2331 1326 2367 felicitas

101 2391 237 2425 constat,
254 2386 452 2428 impugnant.
469 2385 630 2417 Joannem
647 2395 773 2426 semper
785 2394 857 2416 cum
871 2384 964 2416 Patre
978 2384 1095 2415 Filium
1110 2387 1304 2428 conjungere
1316 2411 1326 2426 ‚

102 2439 239 2472 maxime
258 2439 314 2470 ubi
340 2439 384 2470 ait
402 2449 410 2469 :
433 2438 475 2470 Ut
493 2443 686 2480 cognoscant
713 2443 742 2469 le
765 2439 866 2469 solum
889 2448 1000 2469 verum
1015 2460 1024 2470 .
1042 2443 1104 2469 etc.
1137 2438 1210 2471 Illic
1230 2440 1327 2481 igitur

104 2504 211 2526 vorum
222 2493 329 2525 Deum
347 2492 443 2525 etiam
460 2492 703 2534 intelligendum
718 2491 761 2524 de
776 2491 859 2523 Filio
873 2513 883 2530 ‚
901 2490 1030 2533 quando
1047 2490 1072 2522 is
1088 2501 1147 2523 nec
1161 2492 1249 2524 Deus
1266 2504 1326 2524 ne·—

103 2546 168 2590 gari
182 2546 297 2591 possit,
314 2556 373 2579 nec
383 2545 475 2579 salsus
493 2545 573 2586 dici;
590 2546 655 2579 imo
668 2556 727 2578 nec
738 2545 834 2578 etiam
850 2544 1101 2588 nuncupativus.
1131 2545 1228 2589 Quod
1245 2547 1322 2579 ulti-

1193 2612 1260 2654 33.

1339 1316 1398 1350 ¹79
