1806 3256
402 293 420 321 1
431 281 484 321 36
944 292 977 320 s.
1016 291 1206 320 Amnnosu

457 369 692 413 CXXXIV.
714 388 729 408 «
749 370 802 412 Et
814 377 1061 427 potestatem
1082 367 1460 424 dediteijudicium
1478 368 1630 418 facere,
1649 369 1746 426 quia

395 440 554 482 »Filius
579 440 760 482 hominis
787 439 886 481 est¹.
904 457 919 478 n
933 438 1039 480 Vide
1057 439 1158 493 quid
1178 437 1357 485 addidit,
1379 453 1430 479 ne
1450 447 1493 479 tu
1512 439 1745 481 calumnie-

396 509 452 551 ris
473 525 524 551 ex
539 510 679 550 verbo.
702 510 854 550 Filium
875 507 1055 550 hominis
1072 507 1174 563 legis
1190 538 1200 553 ‚
1219 514 1259 547 et
1280 507 1555 563 accipientem
1581 508 1746 563 arguis?

397 578 509 635 Nega
538 593 637 633 ergo
662 578 799 619 Deum
817 610 827 624 ,
857 577 890 618 si
914 592 998 618 non
1021 576 1163 617 omnia
1181 575 1288 616 Filio
1311 590 1401 631 quae
1424 575 1499 617 Dei
1521 585 1638 624 sunt,
1671 578 1746 619 de-

402 648 620 695 feruntur3
649 662 748 688 cum
785 647 899 688 enim
929 647 1079 688 dixerit
1103 660 1112 688 ι
1133 645 1308 687 “Omnia
1335 661 1425 702 quae
1447 646 1568 687 Pater
1592 646 1745 697 habet,
1785 643 1791 667 ³

399 731 522 758 »mea
546 716 682 765 sunt²;
699 736 713 754 »
730 732 805 759 cur
828 726 872 758 tu
890 733 974 758 non
998 716 1135 758 omnia
1161 731 1252 772 quae
1274 716 1421 758 divinae
1442 725 1602 757 naturae
1625 725 1745 765 sunt,

397 788 522 830 etiam
552 788 593 829 in
623 788 728 830 Filio
759 787 1005 830 confiteris?
1031 788 1134 831 Nam
1171 788 1241 844 qui
1272 787 1373 829 dicit
1400 802 1408 827 τ
1431 805 1446 825 «
1470 786 1621 829 Omnia
1654 802 1747 843 quae

397 857 549 899 »Pater
572 856 723 906 hahet,
746 873 838 900 mea
862 858 1130 914 sunt3nquid
1153 858 1308 914 exeipit
1332 858 1445 912 quod
1477 872 1559 898 non
1587 857 1748 900 habet?

454 926 668 968 CXXXV.
709 927 821 978 Quid
853 937 915 969 est
944 929 1057 982 quod
1081 933 1300 979 ἑμφατικῶς,
1334 942 1458 982 quam
1485 926 1596 967 fideli
1619 927 1748 985 magis
1788 942 1793 954 ¹

396 1011 590 1037 sermone
613 1011 921 1038 commemores
936 1030 946 1045 ,
965 998 1079 1052 quod
1099 1006 1287 1037 mortuos
1309 997 1592 1045 suscitaverit,
1618 999 1748 1039 maria

393 1067 521 1122 pedes
544 1065 842 1117 transmiserit,
862 1066 1124 1108 infirmitates
1144 1065 1363 1107 hominum
1390 1067 1627 1108 curaverit?
1650 1069 1748 1109 llaee
1796 1079 1797 1082 ’

396 1136 506 1177 enim
535 1137 660 1178 etiam
685 1137 857 1178 servulis
880 1138 963 1178 suis
991 1137 1196 1194 praestitit.
1230 1137 1328 1178 Plus
1355 1137 1428 1178 ista
1459 1138 1587 1179 miror
1611 1138 1652 1178 in
1675 1139 1750 1180 ho-

396 1206 605 1253 minibus,
635 1208 748 1261 quod
772 1215 929 1247 tantam
955 1206 1012 1248 eis
1038 1207 1199 1247 dederit
1222 1215 1485 1263 potestatem.
1511 1207 1679 1263 Aliquid
1699 1209 1750 1249 de

399 1275 565 1317 Christo
591 1276 735 1317 audire
764 1276 977 1325 desidero,
1006 1278 1119 1332 quod
1147 1277 1326 1333 speciale
1352 1277 1404 1318 sit
1433 1277 1610 1325 Christi,
1637 1279 1751 1334 quod

401 1361 498 1387 cum
524 1346 570 1387 iis
594 1361 685 1401 quae
711 1356 850 1387 ereata
873 1344 967 1387 suut
983 1383 992 1393 ,
1013 1361 1096 1387 uon
1117 1347 1245 1402 possit
1272 1361 1363 1387 esse
1387 1361 1632 1399 commune;
1654 1347 1748 1402 quia

402 1415 581 1472 genitus,
597 1416 692 1471 quia
709 1416 856 1457 unicus
873 1425 933 1457 est
957 1416 1031 1457 Dei
1054 1416 1200 1463 Filius,
1215 1416 1310 1472 quia
1331 1416 1442 1457 Deus
1460 1432 1579 1458 verus
1598 1432 1648 1458 ex
1662 1417 1749 1459 Deo

401 1501 502 1528 vero
519 1518 528 1532 ‚
548 1487 642 1541 quia
669 1501 717 1527 au
732 1488 943 1528 dexteram
962 1486 1094 1527 Patris
1108 1487 1236 1527 sedet.

460 1556 700 1597 CXXXVI.
741 1557 1006 1611 [bicumque
1028 1557 1120 1612 lego
1153 1555 1395 1596 confessum
1420 1556 1551 1597 Patris
1575 1565 1616 1597 et
1635 1556 1748 1605 Filii,
1804 1590 1806 1595 .

401 1641 569 1682 semper
592 1625 644 1667 ad
668 1626 881 1667 dexteram
894 1626 1023 1667 Filius
1058 1626 1186 1666 sedet.
1220 1624 1434 1680 'Numquid
1458 1626 1605 1666 melior
1621 1626 1751 1669 Filius
1804 1656 1806 1664 2

398 1694 550 1738 Patre?
572 1695 663 1738 Non
689 1695 770 1736 hoc
790 1695 967 1736 dicimus
992 1697 1091 1736 :sed
1111 1710 1235 1751 quem
1259 1694 1438 1735 charitas
1460 1695 1534 1735 Dei
1554 1695 1747 1745 honorat,

399 1764 584 1806 humana
609 1765 802 1821 iniquitas
829 1767 1013 1822 derogat.
1048 1764 1178 1806 Scivit
1204 1765 1325 1806 Pater
1355 1766 1551 1806 serendas
1582 1781 1671 1807 esse
1701 1767 1752 1808 de

396 1834 504 1877 Filio
525 1835 773 1890 quaestioues
789 1867 799 1882 ,
825 1835 1002 1890 praebuit
1026 1834 1147 1876 nohis
1162 1836 1275 1890 quod
1294 1850 1567 1890 sequeremur
1585 1867 1596 1884 ,
1617 1836 1751 1893 pieta-

397 1904 449 1946 tis
472 1905 734 1962 exemplum,
757 1919 810 1946 ne
830 1905 936 1947 Filio
961 1906 1223 1962 derogemus.

445 2003 455 2018 ¹
475 1995 573 2028 Joan.
593 2006 623 2034 v,
645 2006 694 2038 27.
714 2013 752 2018 —
771 1995 854 2028 ¹1d.
874 1996 1008 2030 ,xv1‚15.
