1806 3256
423 278 440 304 1
451 262 504 303 60
968 276 997 302 s.
1039 275 1229 304 Aunnosn

419 353 601 395 Verbum
619 353 702 395 hoc
719 361 910 394 nostrum
929 353 1073 408 utique
1090 351 1342 409 prolativum
1359 362 1436 402 est.
1455 356 1623 412 syllabae
1642 365 1752 406 sunt,

417 439 542 467 sonus
566 432 650 472 est3
675 431 716 464 et
740 431 876 464 tamen
903 438 923 464 a
945 438 1067 465 sensu
1090 432 1259 472 nostro,
1275 432 1317 465 et
1334 434 1474 466 mente
1497 441 1580 467 non
1600 427 1758 468 discre-
1796 419 1799 435 ²

414 503 509 552 pat,
545 503 586 535 et
616 508 705 549 quae
729 491 915 533 interiori
939 499 1128 533 tenemus
1153 492 1302 534 affectu
1319 525 1330 541 ‚
1362 508 1409 535 ea
1439 503 1638 551 tanquam
1661 511 1757 553 ope·
1796 501 1800 513 '

415 563 544 606 rantis
567 562 681 603 verbi
708 560 999 603 testificatione
1015 562 1239 618 signamus.
1263 561 1344 604 Sed
1363 579 1445 605 non
1463 579 1600 606 sermo
1618 574 1760 608 noster
1799 574 1801 602 ἑ

414 640 633 691 operatur,
666 632 799 672 solum
831 641 893 672 est
926 630 1113 673 Verbum
1146 631 1236 681 Dei,
1265 634 1377 688 quod
1403 647 1482 674 nec
1503 635 1758 691 prolativum
1796 625 1799 633 ¹

415 712 499 751 est,
527 716 604 743 nec
628 701 740 757 quod
760 703 946 741 {maten-ov
966 701 1137 748 dicunt3
1158 702 1229 743 scd
1248 704 1360 758 quod
1383 712 1582 759 operatur
1598 712 1639 746 et
1662 704 1759 746 vivit
1798 710 1799 713 ’

418 780 460 813 et
478 779 608 813 sanat.

474 840 666 884 LXXIV.
710 841 779 883 tis
818 841 924 882 scire
957 841 1077 896 quale
1121 840 1333 882 Yerbum?
1367 843 1476 884 Audi
1511 843 1718 885 dicentem
1746 858 1756 885 τ
1795 835 1798 846 ’

426 911 607 954 «Vivum
631 919 692 952 est
712 911 824 951 enim
849 909 1034 952 Verbum
1065 910 1162 958 Dei,
1188 919 1229 951 et
1255 911 1436 952 validum
1463 919 1586 968 atque
1611 926 1761 969 opera-

415 981 599 1022 »torium
627 988 668 1021 et
693 987 887 1025 acutum,
914 988 955 1020 et
973 979 1273 1035 penetrabilius
1298 981 1411 1021 omni
1441 981 1579 1037 gladio
1611 980 1760 1022 acutis-

413 1070 429 1088 „
444 1050 548 1091 simo
563 1081 572 1095 ‚
598 1057 820 1105 penetrans
837 1062 969 1103 usque
984 1048 1035 1088 ad
1055 1047 1298 1090 divisionem
1322 1049 1469 1090 animae
1496 1058 1537 1091 et
1563 1049 1730 1106 spiritus
1745 1081 1758 1099 .

408 1139 425 1161 n
440 1128 690 1175 artuumque
712 1127 752 1160 et
774 1117 1094 1160 medullarum¹.
1110 1136 1125 1156 n

473 1189 645 1234 LXXV.
682 1189 868 1231 Verbum
903 1188 1028 1244 igitur
1061 1188 1178 1229 audis
1208 1187 1283 1229 Dei
1309 1188 1488 1237 Filium,
1523 1197 1565 1230 et
1585 1203 1605 1230 a
1626 1189 1760 1246 patria
1796 1190 1798 1194 '

414 1263 632 1304 voluntate
660 1268 701 1301 et
727 1266 931 1315 potestate
962 1257 1173 1299 secernis?
1203 1258 1333 1300 Audis
1367 1259 1462 1314 quia
1494 1259 1614 1308 vivit,
1643 1258 1761 1301 audis

413 1332 508 1390 quia
533 1339 649 1372 sanat
675 1346 683 1370 :
710 1329 795 1370 noli
820 1343 917 1385 ergo
947 1336 1090 1369 nostro
1114 1342 1360 1385 comparare
1388 1329 1532 1371 verbo.
1572 1328 1615 1370 Si
1647 1329 1760 1371 enim
1794 1325 1798 1341 ¹

417 1402 593 1444 verbum
614 1407 805 1441 nostrum
827 1413 918 1454 quae
940 1412 1022 1440 non
1047 1398 1199 1439 obtutu
1222 1398 1394 1447 viderit,
1415 1413 1499 1440 non
1524 1399 1666 1440 auditu
1687 1414 1762 1441 au-
1794 1394 1798 1445 f

418 1472 561 1520 dierit,
586 1470 794 1526 loquitur3
827 1477 868 1510 et
892 1468 1079 1524 loquitur
1108 1476 1248 1510 tamen
1274 1468 1439 1525 cognita
1467 1484 1541 1525 per
1572 1470 1761 1525 quaedam
1794 1492 1797 1502 =

417 1552 577 1587 naturae
599 1542 793 1584 humanae
814 1540 977 1581 interna
997 1540 1194 1595 mysteria
1217 1555 1225 1580 ε
1246 1542 1460 1596 quomodo
1480 1555 1565 1582 non
1583 1540 1733 1598 impius
1748 1572 1758 1588 ‚
1792 1527 1797 1575 :³

418 1614 489 1672 qui
506 1612 737 1655 secundum
756 1609 1025 1652 Divinitatcm
1046 1610 1084 1650 in
1102 1609 1177 1651 Dei
1195 1609 1334 1651 Verbo
1352 1618 1393 1651 et
1411 1610 1606 1651 obtutum
1621 1624 1762 1665 quem·
1794 1601 1796 1613 ¹

418 1685 514 1726 dam
546 1695 799 1739 corporeum
830 1679 979 1735 exigit,
1004 1688 1043 1720 et
1073 1679 1259 1721 auditum
1291 1694 1300 1720 ε
1326 1688 1366 1721 et
1395 1687 1514 1737 putat
1543 1679 1655 1735 quod
1678 1693 1761 1720 uon
1792 1673 1796 1731 13

415 1753 544 1812 possit
565 1769 585 1795 a
612 1767 655 1793 se
677 1751 905 1807 quidquam
935 1748 1071 1791 facere
1091 1749 1219 1790 Filius
1235 1781 1245 1797 ‚
1278 1748 1358 1790 nisi
1381 1750 1494 1805 quod
1515 1748 1679 1791 Patrem
1701 1749 1761 1789 sa·
1793 1734 1795 1758 ἶ

416 1824 595 1867 cientem
619 1818 811 1868 viderit²;
844 1834 940 1861 cum
962 1834 1035 1875 per
1057 1818 1274 1866 unitatem,
1294 1827 1340 1860 ut
1359 1819 1552 1867 diximus,
1571 1818 1760 1874 ejusdem
1791 1859 1795 1868 Δ

416 1891 656 1936 substantiae
686 1890 798 1931 idem
817 1890 921 1930 velle
943 1897 1067 1944 atque
1090 1888 1201 1929 idem
1232 1888 1341 1929 nolle
1362 1896 1403 1929 et
1431 1887 1542 1930 idem
1574 1902 1695 1944 posse
1723 1897 1762 1929 et

415 1964 458 2007 in
478 1964 600 2006 Patre
627 1961 679 2003 sit
700 1968 741 2002 et
768 1960 809 2000 in
824 1959 930 2001 Filio
953 1966 994 2000 et
1015 1958 1056 1999 in
1079 1957 1236 2014 Spiritu
1263 1957 1435 1999 sancto?

467 2031 658 2076 LXXVI.
688 2029 813 2080 Quod
833 2028 864 2070 si
883 2028 1071 2069 homines
1086 2029 1335 2084 plerumque
1349 2041 1546 2068 sensuum
1560 2026 1759 2082 qualitate

413 2102 597 2150 discreti,
611 2110 751 2144 tamen
764 2099 886 2141 unius
899 2097 1098 2154 propositi
1113 2097 1344 2139 intentione
1361 2097 1641 2143 concordant3
1654 2095 1756 2152 quid

414 2177 466 2218 de
482 2175 604 2216 Patre
626 2187 701 2213 nos
725 2179 766 2211 et
787 2170 862 2210 Dei
879 2168 985 2210 Filio
1008 2168 1202 2223 congruit
1221 2167 1453 2208 aestimare:
1475 2181 1573 2208 cum
1590 2165 1631 2207 id
1649 2165 1761 2221 quod

419 2244 603 2286 humana
629 2240 815 2282 imitatur
838 2237 1043 2283 charitas,
1065 2236 1296 2277 substantia
1314 2236 1449 2277 divina
1476 2234 1712 2292 possideat?
1789 2226 1793 2235 ’

466 2311 676 2356 LXXVII.
714 2310 922 2351 Ponamus
941 2315 1098 2353 tamen,
1119 2306 1227 2347 sicut
1244 2305 1321 2362 ipsi
1341 2307 1501 2354 volunt,
1523 2305 1617 2361 quia
1640 2305 1760 2361 quasi
1789 2296 1792 2338 Ῐ

411 2384 452 2425 in
475 2379 701 2438 exemplari
720 2413 728 2425 .
760 2378 873 2434 quod
904 2376 1053 2418 viderit
1074 2376 1239 2417 Patrem
1264 2375 1487 2417 facientem
1506 2407 1515 2423 ,
1547 2375 1676 2416 Filius
1698 2374 1762 2416 sa·

409 2454 504 2496 ciat.
534 2451 587 2493 Et
619 2450 700 2492 hoc
724 2448 868 2504 utique
890 2445 1080 2501 ejusdem
1102 2444 1344 2486 substantiae
1368 2453 1452 2490 est:
1482 2444 1621 2485 nullus
1645 2443 1757 2485 enim

399 2530 536 2581 potest
567 2519 740 2562 alterius
766 2516 1050 2559 imitationem
1077 2514 1331 2572 operationis
1357 2514 1558 2571 implere,
1584 2512 1661 2555 nisi
1689 2512 1759 2568 qui
1788 2504 1791 2557 ἶ

404 2591 592 2649 ejusdcm
615 2597 774 2631 naturae
797 2587 949 2629 habeat
967 2585 1186 2627 unitatem.

442 2688 450 2705 ¹
475 2680 711 2722 Hebr.1v,12.
732 2696 770 2703 —-
786 2687 796 2702 ²
816 2677 912 2710 Joan.
932 2688 962 2714 v,
984 2686 1032 2718 ¹9·
