1768 3283
92 289 226 304 ᾸΊΟΟΜ
232 291 1098 307 ”””””””””””””””””””””””””””””
1102 292 1429 309 ἈἏΏΊΜΒΊΟΟἈᾺ

382 664 517 709 ΤΟΜΙ
551 666 987 720 QUINQUAGESIMI
1021 667 1168 712 ΝΟΝΙ.

296 1000 409 1028 LIBRI
441 1000 492 1028 DE
526 999 618 1027 FIDE
651 998 703 1025 AD
738 997 978 1026 GRATIANUM
1000 997 1229 1027 AUGUSTUM.

1345 1140 1432 1172 Pagin-

84 1184 184 1217 Luum
203 1186 232 1218 Ι.
253 1185 418 1227 Prologus,
437 1185 627 1217 Gratianum
651 1185 693 1217 ob
716 1185 863 1217 ardorem
882 1184 1038 1218 discendae
1053 1184 1125 1218 fidei
1140 1185 1253 1218 raudat
1275 1184 1349 1216 Arn-

89 1267 93 1269 ,
126 1239 267 1277 brosius,
286 1246 384 1272 semet
400 1250 474 1271 vero
491 1240 857 1281 deprimit.Quanquam
878 1246 983 1272 autem
1007 1240 1096 1271 illum
1112 1241 1250 1272 humana
1271 1239 1348 1271 doc-

127 1293 211 1325 trina
232 1294 376 1334 indigere
392 1299 483 1334 neget
496 1317 504 1332 ‚
521 1296 641 1336 quippe
657 1293 709 1336 qui
736 1305 752 1325 a
779 1294 848 1325 Deo
862 1293 930 1335 ipso
946 1293 1042 1325 fuerit
1058 1293 1242 1330 institutus,
1259 1292 1350 1325 addit

129 1352 235 1378 tamen
253 1348 399 1379 eumdem
421 1358 457 1379 ac
472 1359 526 1380 sua
543 1348 662 1390 pietate
684 1348 767 1379 viam
790 1347 848 1379 sibi
875 1348 915 1379 ad
929 1347 1096 1380 victoriam
1111 1347 1247 1379 munire.
1266 1348 1351 1378 Tum

128 1400 315 1433 difficultate
328 1401 433 1443 operis
456 1402 612 1433 insinuata
625 1425 634 1440 ‚
659 1408 800 1434 nontam
822 1402 978 1434 rationem
995 1413 1091 1444 quam
1112 1400 1346 1437 auctoritatem,

128 1455 265 1486 maxime
277 1466 354 1487 vero
366 1455 485 1487 Nieaeni
501 1456 646 1493 concilii,
664 1462 842 1488 secuturum
859 1466 891 1487 se
909 1455 1087 1497 profitetur.

86 1509 199 1541 Cum:
225 1509 254 1541 Ι.
280 1510 478 1542 Catholicam
504 1509 597 1541 fidem
620 1521 637 1541 a
655 1510 833 1551 gentilium,
854 1510 1055 1550 Judaeorum‚
1072 1521 1107 1542 ac
1123 1510 1347 1542 haereticorum

129 1563 292 1595 erroribus
311 1564 477 1603 d¹stinguit
494 1576 501 1594 :
521 1564 730 1605 expositoque
745 1575 857 1595 vocum
874 1564 933 1595 Dei
951 1569 982 1596 et
1005 1563 1136 1596 Domini
1152 1562 1328 1604 significatu
1341 1585 1351 1599 ‚

128 1627 335 1658 personarum
351 1617 531 1651 discrimen.
553 1622 584 1648 et
600 1622 725 1648 naturae
746 1617 901 1649 unitatem
919 1617 1115 1648 demonstrat
1134 1628 1142 1647 :
1158 1626 1252 1658 quam
1269 1616 1345 1648 dum

126 1676 272 1711 separant
289 1671 429 1707 Arriani,
444 1682 509 1702 non
531 1677 592 1702 tres
612 1671 696 1702 Deos
711 1675 835 1702 tantum
851 1669 1017 1704 inducunt,
1032 1669 1086 1701 sed
1098 1670 1193 1701 etiam
1207 1669 1351 1702 Trinita-

129 1724 169 1755 tis
187 1735 317 1761 regnum
336 1724 514 1756 destruunt.
1417 1725 1434 1753 5

86 1778 196 1809 Cnur
212 1778 260 1809 11.
278 1778 510 1819 Imperatorem
528 1777 567 1809 ad
590 1776 662 1808 fidei
680 1776 780 1808 zelum
798 1777 992 1813 exhortatus,
1010 1777 1049 1808 ab
1074 1788 1108 1809 ea
1123 1787 1194 1819 quae
1216 1776 1349 1810 Christo

133 1842 202 1862 rum
221 1831 316 1862 Patre
335 1831 436 1869 inest,
454 1832 626 1864 voluntatis
648 1838 741 1873 atque
759 1830 955 1874 operationis
972 1830 1094 1862 unitate
1120 1830 1222 1871 ipsum
1249 1830 1354 1861 Deum

128 1895 194 1916 esse
216 1885 367 1917 ostendit.
395 1886 600 1927 Quapropter
615 1886 765 1928 expositis
782 1885 898 1916 divinis
912 1884 1083 1917 attributis.
1099 1883 1208 1915 eadem
1221 1883 1352 1914 Christo

129 1939 225 1972 etiam
243 1942 412 1971 convenire.
434 1940 570 1972 affirmat
586 1953 592 1971 :
610 1942 696 1982 cujus
713 1948 866 1983 praeterea
882 1940 985 1971 varias
998 1938 1226 1981 appellationes
1241 1948 1353 1980 prose-

1415 1455 1433 1485 0!

131 1998 234 2031 cutm,
252 1993 289 2024 iis
311 1994 548 2026 substantialem
567 1995 721 2027 unitatem
741 1994 1003 2037 personalemque
1027 1991 1262 2024 distinctionem
1278 2002 1352 2033 pro-

129 2045 200 2077 bari
218 2046 309 2078 docet
324 2058 331 2077 :
350 2053 416 2078 tum
434 2047 586 2088 exemplis
602 2048 722 2090 aliquot
736 2048 774 2079 ad
788 2046 1006 2088 explicandam
1020 2045 1173 2077 unitatem
1186 2043 1274 2076 illam
1289 2044 1350 2076 ad—

131 2099 250 2132 ductis.
268 2106 361 2141 negat
376 2101 468 2132 aliter
484 2102 542 2132 Dei
557 2102 710 2133 unitatem
729 2101 854 2132 defendi
875 2110 976 2142 posse.
1418 2111 1437 2141 7

87 2152 194 2184 CAPUT
218 2153 289 2185 111.
317 2154 421 2187 Patris
436 2165 472 2186 ac
496 2154 569 2186 Filii
598 2155 750 2187 unitatem
778 2155 951 2195 Scripturae
967 2152 1155 2184 testimoniis
1170 2152 1297 2194 probat,
1319 2158 1352 2185 et

131 2206 235 2247 primo
252 2207 343 2239 Isaiae
364 2209 467 2240 locum
494 2209 629 2241 aliorum
644 2209 880 2250 comparatione
907 2209 950 2240 ita
967 2207 1114 2241 illustrat.
1145 2212 1179 2239 ut
1203 2207 1322 2239 nullam
1336 2218 1352 2238 a

133 2260 236 2305 Patris
255 2268 367 2294 natura
393 2263 425 2294 in
443 2264 526 2295 Filio
542 2263 641 2296 inesse
662 2264 876 2295 differentiam
894 2267 1023 2298 astruat,
1047 2261 1104 2292 nisi
1125 2267 1279 2303 quantum
1304 2261 1342 2292 ad

132 2325 279 2348 earnem:
297 2327 333 2348 ac
356 2318 490 2358 proinde
513 2328 607 2349 unam
627 2318 791 2355 utriusque
815 2317 974 2349 Deitatem
989 2327 1067 2348 esse.
1094 2316 1189 2355 Quod
1207 2315 1259 2346 ubi
1279 2326 1352 2346 auc-

134 2367 263 2400 toritate
281 2370 406 2402 Baruch
426 2369 647 2403 confirmatum
669 2377 738 2409 est,
756 2371 849 2402 fidem
865 2369 1032 2412 Prophetis
1048 2369 1104 2400 hac
1130 2369 1162 2400 in
1180 2379 1215 2400 re
1235 2367 1354 2400 haben-

133 2421 204 2452 dam
218 2422 326 2455 tradit.
1415 2432 1435 2464 9

91 2475 200 2507 Cnur
218 2476 277 2508 IV.
299 2477 506 2518 Argumentis
521 2480 642 2522 aliquot
665 2479 704 2510 ad
722 2478 918 2520 probandam
938 2477 995 2509 Dei
1016 2476 1171 2508 unitatem
1197 2475 1354 2507 collectim

135 2531 319 2571 propositis,
333 2531 364 2562 in
383 2532 482 2564 tribus
497 2533 663 2572 Magorum
680 2532 863 2564 muneribus
877 2531 996 2563 Christi
1014 2529 1222 2561 Divinitatem
1239 2530 1348 2560 liuma-

138 2582 334 2625 nitatemque
355 2583 558 2617 adumbratas
580 2584 741 2622 ostendi13
768 2595 829 2616 nou
854 2595 940 2616 secus
956 2594 991 2615 ac
1014 2583 1046 2614 in
1068 2581 1192 2624 Angelo
1206 2592 1277 2613 cum
1292 2582 1354 2614 tri-
