1768 3283
364 276 451 326 434
911 292 943 320 s.
982 293 1178 321 AMBRosu

362 367 490 418 Quod
506 367 631 409 etiam
655 367 695 408 in
714 367 896 424 Epistola
918 382 1008 424 quae
1027 371 1078 412 ad
1096 369 1297 410 Hebraeos
1315 368 1471 427 scripta
1492 377 1571 416 est,
1591 382 1710 410 com-

360 437 584 494 prehendit
615 437 756 479 dicens
782 452 824 477 :«
848 437 1060 488 Quoniam
1096 440 1166 495 qui
1203 439 1343 480 omnia
1382 439 1567 487 creavit,
1600 438 1712 480 Deus

359 506 490 548 »est¹.
508 507 619 548 »Aut
644 506 785 548 dicant
809 506 934 562 igitur
957 509 1057 563 quid
1082 509 1134 549 sit
1160 509 1274 564 quod
1297 508 1386 549 sine
1407 508 1528 550 Patre
1550 515 1592 549 et
1606 506 1713 549 Filio

357 587 400 618 et
427 576 584 633 Spiritu
609 576 659 617 sit
684 584 895 623 creatum,
930 586 1000 619 aut
1029 567 1231 634 Spiritum
1263 593 1430 635 quoque
1461 577 1584 619 unius
1615 590 1713 618 cum

356 646 478 689 Patre
498 655 539 687 et
555 646 661 688 Filio
682 646 856 687 Deitatis
871 662 960 688 esse
984 647 1208 689 fateantur.

417 715 601 757 CXLIII.
639 715 916 757 Adorandum
941 732 1109 772 quoque
1134 716 1304 766 docuit,
1334 732 1458 773 quem
1480 716 1713 758 Dominum

353 795 394 826 et
413 784 549 826 Deum
575 784 689 826 dixit.
719 785 803 836 Qui
825 786 938 827 euim
964 787 1076 828 Deus
1103 787 1385 828 universitatis
1409 795 1450 828 et
1471 785 1680 827 Dominus
1697 816 1709 834 ,

354 856 498 912 utique
523 857 572 897 ab
593 857 787 898 omnibus
812 857 1049 898 adorandus
1068 867 1154 906 θεὶς
1182 857 1239 899 sic
1260 857 1370 898 enim
1392 856 1594 914 seriptum
1617 862 1681 897 est
1700 869 1710 896 ε

357 945 372 966 n
405 926 633 968 Dominum
658 926 791 968 Deum
817 935 934 968 tuum
960 927 1151 968 adorabis
1169 961 1179 975 ‚
1207 937 1247 969 et
1271 928 1346 983 ipsi
1370 927 1445 967 soli
1468 924 1664 968 servies².
1686 942 1702 964 n

412 995 591 1037 CXLIV.
631 995 716 1037 Aut
740 996 882 1037 dicant
906 997 977 1037 ubi
1002 997 1182 1053 legerint
1211 997 1306 1052 quia
1339 998 1484 1038 adorat
1515 994 1707 1052 Spiritus.

355 1063 528 1106 Dictum
549 1073 611 1105 est
631 1065 741 1105 enim
765 1066 815 1106 de
839 1065 914 1106 Dei
937 1066 1044 1107 Filio
1074 1082 1113 1107 :«
1137 1065 1325 1107 Adorent
1343 1081 1441 1107 eum
1462 1079 1609 1106 omnes
1632 1064 1715 1106 An·

355 1134 464 1190 »geli
488 1134 578 1189 ojus
597 1132 638 1174 3‘2
657 1150 770 1175 »nou
799 1135 957 1175 lectum
982 1143 1071 1182 est,
1098 1136 1242 1176 adoret
1265 1134 1459 1191 Spiritus.
1487 1134 1713 1186 Quomodo

355 1203 466 1243 euim
500 1212 635 1260 potest
664 1205 837 1244 adorare
854 1237 863 1252 ,
891 1204 962 1259 qui
996 1219 1081 1245 non
1106 1205 1213 1245 intrr
1236 1204 1414 1246 famulos
1436 1213 1477 1245 et
1501 1203 1716 1245 ministros

356 1281 440 1321 cst,
471 1275 545 1314 scd
569 1289 666 1315 cum
689 1274 812 1314 Patre
834 1282 874 1315 et
895 1273 1002 1316 Filio
1029 1275 1191 1316 servitia
1224 1275 1350 1316 habet
1377 1274 1563 1331 subjecta
1585 1274 1716 1331 justo·

354 1359 446 1384 rum
470 1359 480 1391 ;
514 1343 609 1399 quia
639 1344 842 1400 scriptum
870 1352 933 1384 est
953 1359 960 1384 :
979 1361 993 1381 ιι
1012 1343 1185 1400 Spiritui
1207 1343 1284 1386 Dei
1312 1343 1557 1385 servimus&
1576 1342 1713 1385 »Ado-

353 1414 509 1455 randus
527 1413 654 1470 igitur
675 1422 738 1454 est
760 1414 880 1454 nolus
897 1446 907 1461 ,
928 1413 995 1455 cui
1014 1414 1281 1455 serviendum
1300 1429 1320 1455 a
1342 1413 1462 1454 nobis
1487 1412 1714 1470 Apostolus

356 1483 500 1525 docuit
529 1499 537 1524 :
569 1483 637 1525 cui
668 1491 808 1525 autem
837 1484 1065 1534 servimus,
1098 1484 1212 1525 hunc
1242 1492 1284 1525 et
1313 1485 1563 1532 adoramus,
1598 1481 1715 1539 juxta

354 1555 467 1611 quod
494 1553 699 1610 scriptum
730 1562 816 1601 est,
841 1563 888 1595 ut
916 1555 1063 1596 eadem
1096 1570 1206 1611 saepe
1241 1563 1482 1611 repetamus
1509 1569 1551 1595 :a
1572 1552 1715 1596 Domi·

353 1643 369 1665 »
385 1641 486 1667 num
509 1626 644 1667 Deum
669 1634 787 1666 tuum
812 1625 1033 1673 adorabis,
1058 1633 1099 1666 et
1122 1625 1177 1667 illi
1199 1625 1273 1666 soli
1296 1625 1462 1666 servies.
1486 1644 1503 1662 υ

415 1694 574 1737 CXLV.
619 1695 872 1751 Quanquam
894 1711 970 1737 nec
997 1696 1080 1737 hoc
1113 1695 1429 1751 praetermiserit
1457 1694 1681 1751 Apostolus
1700 1725 1712 1742 ,

356 1765 457 1822 quin
480 1773 521 1806 ot
549 1763 753 1821 Spiritum
789 1766 950 1806 diceret
983 1767 1258 1806 adorandum.
1292 1764 1399 1806 Cum
1422 1764 1532 1806 enim
1561 1763 1714 1806 docue-

356 1837 486 1877 rimus
514 1835 610 1892 quia
635 1834 813 1891 Spiritus
843 1836 884 1876 in
909 1834 1128 1891 Prophetis
1162 1844 1252 1884 est,
1286 1850 1364 1876 nec
1388 1835 1470 1877 hoe
1492 1835 1714 1891 quisquam

356 1908 488 1963 possit
511 1906 745 1961 ambigere,
779 1905 872 1961 quia
898 1921 972 1962 per
994 1905 1196 1962 Spiritum
1219 1906 1436 1963 prophetia
1461 1907 1610 1954 datur,
1634 1905 1714 1947 uti·

359 1993 440 2033 que
459 1993 555 2019 cum
576 1978 774 2019 adoratur
792 1977 861 2032 qui
880 1976 922 2017 in
941 1976 1161 2033 Prophetis
1185 1985 1269 2024 est,
1291 1977 1400 2018 idem
1419 1977 1597 2033 Spiritus
1619 1977 1715 2018 ado·

362 2057 490 2089 ratur.
520 2047 667 2104 ltaque
691 2047 749 2089 sic
772 2047 902 2088 habes
927 2062 936 2087 ε
956 2064 970 2084 α
992 2047 1035 2088 Si
1069 2046 1292 2088 conveniat
1316 2047 1506 2088 universa
1527 2046 1715 2088 Ecclesia

361 2137 376 2156 »
393 2119 432 2159 in
448 2133 578 2159 unum
593 2151 602 2166 ,
618 2126 659 2159 et
672 2132 818 2159 omnes
839 2116 992 2174 linguis
1014 2117 1262 2173 loquantur,
1284 2117 1411 2158 intret
1428 2124 1568 2158 autem
1586 2116 1713 2158 idiota

361 2209 376 2228 n
393 2198 462 2230 aut
485 2188 663 2230 infidelis
684 2221 692 2237 ‚
713 2203 854 2230 nonne
878 2188 990 2229 dicet
1007 2189 1119 2244 quod
1138 2188 1338 2230 insanitis.
1367 2187 1439 2228 Sin
1461 2196 1599 2229 autem
1621 2201 1717 2244 pro·-

362 2260 569 2316 »phetent
591 2275 764 2308 omnes,
799 2259 925 2300 intret
958 2267 1096 2300 autem
1128 2259 1218 2315 quis
1252 2259 1378 2300 idiota
1411 2267 1481 2299 aut
1509 2257 1712 2306 infidelis,

363 2348 379 2370 ιι
395 2330 659 2372 convincitur
677 2331 728 2371 ab
746 2330 956 2378 omuibus,
975 2329 1230 2385 dijudicatur
1245 2330 1293 2371 ab
1310 2329 1515 2370 omnihus.
1536 2328 1713 2371 Occulta

360 2420 374 2439 n
390 2401 515 2442 ctiam
533 2400 671 2442 cordis
689 2399 780 2456 ejus
796 2400 1014 2441 manifesta
1034 2399 1156 2448 fiunt3
1176 2408 1216 2441 et
1242 2400 1295 2440 ita
1314 2400 1466 2440 cadens
1483 2399 1524 2440 iu
1543 2397 1710 2446 faciem,

359 2490 374 2510 D
390 2472 584 2513 adorabit
606 2472 740 2513 Deum
759 2504 770 2520 ‚
805 2470 1082 2528 pronuntians
1104 2472 1217 2527 quod
1241 2485 1336 2512 vere
1365 2469 1477 2511 Deus
1505 2469 1558 2511 sit
1578 2469 1621 2511 in
1642 2484 1712 2512 vo-

404 2581 412 2595 ¹
444 2573 546 2605 Hebr.
574 2583 626 2610 111,
661 2573 696 2610 4.
726 2592 764 2598 -
794 2580 804 2594 ¹
837 2573 933 2605 Deut.
960 2582 1005 2611 vi,
1035 2573 1085 2604 15.
1110 2590 1146 2597 —
1177 2573 1190 2595 3
1223 2570 1327 2604 Hebr.
1357 2582 1379 2608 1,
1404 2571 1437 2604 6.
1469 2588 1508 2595 —-·
1546 2571 1560 2599 ⁴
1590 2569 1707 2618 Philip.

352 2638 391 2667 11!
411 2650 418 2663 ,
443 2628 474 2660 5ο
