1768 3283
0 3213 7 3240 1,

671 303 810 333 mnex.
1327 291 1408 350 5¹²7

69 379 178 411 CAeur
199 378 266 410 111.
291 380 333 411 lis
351 381 404 424 qui
423 381 557 412 ,loannis
574 381 792 412 testimonium
810 381 848 412 de
863 381 963 412 Verbi
980 381 1159 413 aeternitate
1172 393 1235 413 non
1253 382 1329 414 reci·

110 440 238 476 pri-ent,
257 434 420 478 increpitis
437 447 444 467 ε
461 447 519 467 nec
534 446 598 466 non
618 435 745 466 laudato
763 435 876 466 eodem
893 435 1094 476 Evangelista
1109 459 1118 475 ,
1147 435 1248 467 lucum
1273 447 1327 467 ex-

111 487 219 529 pendit
236 499 243 518 :
262 499 325 530 quo
345 499 408 520 non
437 489 536 520 solnm
562 488 658 520 Verbi
683 489 894 520 aeternitatem
915 488 1188 530 Divinitatemque
1209 488 1323 530 signari

110 540 226 578 tradit;
245 541 297 573 sed
313 543 408 574 etiam
426 553 463 574 ex
483 534 532 574 his
548 541 656 573 eadem
677 543 707 573 in
720 541 815 573 Patre
831 540 986 573 attributa
1003 540 1223 572 demonstrari.
1245 541 1326 573 Cor-

111 605 242 636 poreum
253 597 284 626 in
298 595 405 627 Verbo
419 595 499 628 nihil
516 595 738 637 cogitandum;
755 600 785 626 et
799 594 943 637 quamvis
957 595 1023 635 ejus
1036 599 1185 626 naturam
1199 594 1329 626 minime

109 647 283 689 capiamus,
298 647 442 681 sufficere
459 648 550 680 nobis
565 648 682 681 debere
695 648 830 680 Joannis
842 648 1083 686 auctoritatem,
1099 647 1152 691 qui
1166 649 1330 691 quomodo

111 701 252 733 Verbum
263 703 395 737 viderit.
412 703 601 745 exphcatur.
1349 704 1413 747 449

64 755 171 786 cnut
193 748 247 786 ἓν.
275 756 347 788 Νοη
364 756 509 788 sufficere
521 756 545 788 si
563 757 726 788 credamus
741 756 772 787 in
790 755 919 788 Christo
935 766 1040 787 veram
1061 766 1210 797 carnem,
1237 757 1295 789 nisi
1309 768 1326 789 a

110 810 286 842 Divinitate
302 821 427 842 omnem
441 822 512 842 cum
527 822 562 843 ea
580 810 820 845 confusionem.
845 811 982 842 aliamve
1000 810 1217 843 infirmitatem
1233 813 1331 844 seclu-

107 865 214 895 damus
235 877 243 895 :
264 875 367 906 neque
393 865 417 896 si
442 864 587 896 eumdem
608 865 773 907 utriusque
801 864 926 896 soederis
952 866 1057 896 Deum
1082 865 1222 897 dicamus
1238 890 1245 901 ,
1272 866 1332 899 nini

105 922 297 950 coaeternum
310 918 436 960 ipsimet
452 915 593 950 Verbum
604 918 826 960 profiteamur:
839 928 897 949 nec
908 917 1032 949 demum
1047 917 1071 949 si
1083 918 1330 959 anteVirginem

108 983 311 1013 agnoscamus
324 973 413 1005 illum
428 973 575 1015 coepisse,
591 972 647 1003 nisi
666 972 751 1003 omni
774 971 932 1014 principio
945 971 1161 1014 antiquiorem
1178 972 1328 1014 praedice-

108 1037 187 1059 mus.
214 1027 468 1059 commendatur
493 1026 579 1059 Petri
594 1025 770 1064 confessio,
789 1030 820 1057 et
837 1036 893 1057 cur
918 1025 988 1063 ilie,
1007 1025 1216 1068 loquentibus
1237 1026 1327 1065 aliis,

108 1080 239 1111 tacuerit
255 1103 266 1119 ‚
283 1090 419 1122 quamve
437 1078 570 1122 pulchre
589 1079 671 1111 idem
686 1084 795 1121 postea
816 1079 1032 1120 responderit,
1052 1079 1233 1121 exponitur.
1360 1080 1422 1119 455

66 1134 173 1165 Cnur
190 1133 230 1165 V.
256 1133 367 1164 Fidem
387 1133 469 1164 hanc
485 1133 636 1164 Ecclesiae
657 1132 899 1170 fundamentum
922 1143 988 1164 esse
1004 1143 1040 1164 ac
1058 1133 1160 1164 valere
1175 1133 1329 1166 adversus

107 1197 216 1218 omnes
230 1186 364 1218 haereses
375 1211 382 1222 .
398 1188 501 1229 quain
515 1187 645 1218 Christo
658 1186 763 1218 divina
778 1185 913 1217 simulet
927 1185 1062 1217 humana
1078 1186 1238 1227 generatio
1251 1197 1322 1218 cre-

109 1240 207 1271 ditur.
229 1240 316 1271 Duas
334 1239 401 1271 illas
416 1239 636 1280 generationes
653 1239 787 1271 invicem
804 1239 863 1270 sibi
880 1250 942 1270 non
960 1238 1087 1271 officere
1106 1251 1113 1270 :
1130 1240 1183 1271 sed
1200 1250 1271 1282 quae
1293 1242 1331 1273 ad

114 1297 280 1337 utramque
306 1294 486 1337 pertinent.
510 1294 594 1326 salva
615 1293 711 1326 etiam
731 1294 762 1325 in
780 1293 923 1335 passione
937 1304 971 1324 ac
988 1293 1148 1336 sepultura
1170 1296 1334 1328 mansisse.

113 1348 187 1380 Non
213 1359 289 1390 ergo
313 1347 513 1380 infirmitates
530 1349 674 1391 corporis
691 1348 860 1379 Divinitati
884 1348 1120 1387 attribuendas;
1137 1361 1208 1381 cum
1228 1351 1294 1383 haec
1318 1362 1335 1383 a

115 1404 185 1435 inco
197 1409 230 1436 et
246 1409 389 1446 tempore
406 1402 548 1436 absotuta
565 1404 606 1436 sit
624 1415 631 1435 :
649 1409 680 1436 et
696 1402 776 1435 nihil
794 1402 852 1434 nisi
870 1403 1041 1435 secundum
1055 1414 1182 1436 carnem
1202 1406 1265 1448 pati
1282 1417 1335 1448 po-

115 1458 209 1491 tnerit
229 1449 372 1491 ‘Verbum
388 1459 544 1491 divinum.
1354 1461 1418 1504 457

71 1514 186 1545 Carm-
211 1507 289 1545 VH.
321 1509 584 1555 Perstringuntur
600 1513 631 1545 hi
650 1523 759 1545 omnes
782 1513 943 1553 haeretici,
970 1512 1021 1555 qui
1045 1513 1208 1545 Christum
1232 1514 1281 1545 vel
1305 1515 1336 1547 in

115 1569 334 1610 phantasmate
348 1578 486 1608 passum,
503 1566 551 1598 vet
563 1559 642 1599 duas
653 1579 683 1599 m
698 1578 729 1599 se
740 1578 888 1609 personas
906 1568 1105 1609 complexum
1120 1567 1254 1607 dicunt,
1272 1580 1337 1600 non

119 1634 207 1654 secus
223 1634 258 1654 ac
274 1622 327 1665 qui
344 1622 392 1654 vel
409 1633 425 1653 a
445 1623 503 1654 Dei
522 1623 604 1654 Filio
618 1623 764 1654 Verbum
782 1622 956 1663 distingunt
972 1645 981 1661 ‚
998 1622 1045 1652 vel
1059 1632 1076 1652 a
1093 1632 1188 1653 carne
1200 1633 1263 1654 non
1278 1622 1339 1654 dis-

117 1677 538 1718 tinguntDivinitatem,v‹·.l
555 1677 636 1708 hanc
653 1682 803 1718 tanquam
822 1675 1043 1717 imperfectam
1059 1676 1183 1717 injuriis
1199 1678 1341 1718 corporis

117 1732 299 1773 subjiciunt.
317 1732 400 1763 Cum
413 1737 518 1764 autem
536 1731 649 1763 horum
664 1732 807 1762 omnium
829 1736 974 1762 auctores
990 1730 1053 1762 sint
1070 1731 1111 1768 ii,
1134 1731 1186 1773 qui
1207 1732 1337 1763 Divini-

119 1790 218 1818 tatem
235 1795 427 1827 carnemque
442 1786 571 1817 Domini
590 1786 683 1817 unius
707 1791 826 1817 naturae
854 1796 918 1816 esse
941 1785 1125 1825 fingebant,
1142 1796 1195 1817 eos
1220 1786 1340 1818 Nicaeni

118 1841 243 1872 conciiii
258 1841 482 1872 auctoritatem
497 1840 573 1872 falso
589 1840 756 1871 venditare
777 1839 917 1871 ostendit
934 1839 1140 1878 Ambrosius,
1171 1841 1338 1873 Christum

121 1895 152 1927 in
168 1894 341 1936 Scripturis
355 1899 479 1926 tantum
494 1895 667 1926 secundum
684 1894 916 1926 humanitatem
935 1904 1057 1936 passum
1076 1895 1199 1926 narrari
1220 1896 1344 1937 patefa-

121 1948 322 1980 ciens.Addit
338 1959 466 1980 carnem
483 1948 522 1980 ab
539 1960 580 1981 eo
593 1954 763 1990 propterea
779 1954 958 1990 susceptam
970 1971 978 1987 ,
994 1953 1028 1980 ut
1043 1948 1127 1990 quod
1143 1955 1346 1990 peccaverat,

123 2003 154 2035 in
168 2013 200 2035 se
216 2001 406 2038 redimeret:
419 2013 489 2034 cum
505 2004 574 2034 Deo
588 2009 619 2035 et
634 2007 764 2044 peccato
776 2002 855 2033 nihil
871 2007 966 2044 queat
979 2012 1044 2033 esse
1058 2012 1240 2035 commune.
1265 2004 1345 2035 Pos-

124 2062 228 2089 tremo
243 2067 339 2100 quam
357 2056 491 2089 absurda
508 2057 585 2097 sint,
599 2068 669 2100 quae
680 2068 717 2089 ex
729 2056 981 2089 adversariorum
997 2057 1149 2099 opinione
1159 2065 1346 2101 sequantur,

123 2111 239 2153 aperit.
1368 2114 1431 2152 462

83 2167 190 2198 Cnur
215 2166 294 2198 Vll.
321 2166 416 2206 Quod
433 2166 522 2198 libris
537 2166 753 2209 superioribus
771 2165 855 2197 hunc
871 2165 1048 2202 addiderit,
1063 2172 1212 2199 excusat:
1231 2168 1348 2200 deinde

126 2221 179 2252 ubi
191 2221 330 2253 rationes
346 2232 455 2253 eorum
468 2244 477 2260 ,
496 2222 548 2264 qui
562 2222 700 2253 animam
718 2232 733 2251 a
751 2221 884 2253 Christo
904 2220 1060 2261 negabant
1074 2231 1138 2252 esse
1160 2228 1347 2264 susceptam,

128 2274 252 2317 ineptas
265 2275 514 2311 demonstravit,
527 2276 668 2307 eamdem
682 2275 796 2306 animae
808 2275 1038 2315 susceptionem
1051 2275 1225 2317 Scripturae
1241 2278 1352 2310 astruit

129 2330 319 2362 testimoniis
339 2341 346 2362 ε
363 2336 430 2363 tum
446 2331 589 2372 exposito
602 2341 658 2362 cur
670 2331 808 2362 animani
822 2342 838 2361 a
853 2330 994 2361 Domino
1011 2341 1075 2360 non
1104 2331 1349 2372 praetermissam

129 2384 330 2427 oportuerit,
346 2384 476 2416 eosdem
492 2395 572 2415 vano
591 2384 704 2415 timore
718 2385 832 2426 agitari
853 2384 1001 2416 ostendit.
1020 2385 1191 2422 Quomodo
1210 2391 1353 2418 metuere

129 2444 182 2470 aut
200 2438 354 2481 proficere
368 2439 494 2470 dicatur
507 2438 656 2470 Christus
671 2448 678 2474 ;
695 2449 798 2480 neque
813 2444 917 2470 tamen
936 2437 1110 2479 periculum
1127 2440 1164 2469 sit
1182 2460 1191 2475 ,
1216 2450 1256 2471 ne
1272 2440 1352 2471 divi-

130 2492 234 2528 datur,
255 2494 304 2524 vet
319 2498 416 2525 tetras
433 2493 577 2525 videatur
594 2493 701 2524 induci
721 2504 729 2524 :
755 2493 840 2535 quod
858 2492 1003 2524 ultimum
1020 2491 1052 2522 in
1069 2501 1122 2522 eos
1141 2492 1224 2534 ipsos
1248 2499 1352 2526 retor-

132 2555 258 2590 quetur.
1373 2550 1438 2589 468

90 2602 199 2636 Cum
225 2602 320 2635 vul.
337 2603 460 2636 Contra
475 2602 665 2636 catholicam
679 2602 760 2634 hanc
772 2601 976 2641 sententiam,
994 2601 1108 2634 Filium
1122 2602 1176 2645 qui
1190 2608 1356 2645 generatus
