1768 3283
286 316 338 344 DE
370 315 534 344 mcum.
572 317 711 345 nomm.
750 318 1038 356 SACRAMENTQ
1075 323 1154 350 mn.
1196 325 1224 352 1.
1354 314 1435 363 455

94 400 297 434 ereatura.
320 393 432 434 Dixit
452 393 531 435 hoc
549 394 745 436 Joannes.
773 395 814 436 Si
834 397 972 438 adhuc
989 413 1070 439 non
1090 400 1434 459 credidisti,quia

92 477 175 503 non
198 462 433 504 intellexisti
457 466 700 520 mysterium
726 481 849 523 supra
869 468 1113 524 sapientiam
1132 472 1433 524 recumbentis,

92 534 284 590 repetivit
308 535 466 576 Petrus.
497 538 816 579 commendavit
838 547 1065 595 utrumque
1088 540 1303 591 Christus,
1330 545 1435 586 alte·-

90 619 183 645 rum
208 603 361 659 judicio
383 639 391 653 ‚
416 607 592 648 alterum
616 608 839 664 mysterio;
865 609 905 650 id
922 611 1032 651 enim
1058 612 1238 660 addidit,
1263 615 1435 672 utlege·

90 688 154 715 res
193 676 306 730 quod
330 675 368 716 in
398 677 548 717 Christi
577 687 745 734 pectore
773 680 1072 729 recumbebat,
1106 691 1147 724 et
1181 683 1432 742 intelligeres

88 747 202 802 quod
222 747 312 800 ejus
339 757 486 803 caput.
511 748 550 789 in
574 763 657 804 quo
679 749 908 805 principale
930 751 1117 794 omnium
1139 769 1337 797 sensuum
1352 764 1430 805 est,

89 832 241 859 arcano
259 820 439 874 quodam
461 818 670 875 sapientiae
692 819 944 875 replebatur.
968 820 1049 862 Sed
1068 823 1100 863 si
1122 839 1206 865 non
1229 834 1350 882 putas
1367 826 1434 869 in·-

89 889 360 944 telligendum
378 903 467 929 esse
489 888 735 944 mysterium
749 922 759 937 ,
790 890 935 930 saltem
955 891 1037 932 noli
1054 891 1300 950 impugnare
1319 896 1434 951 judi-

88 959 212 1001 cium.
236 958 449 1000 Laudatur
475 959 621 1000 Petrus
638 992 646 1007 ‚
678 959 772 1015 quia
796 959 869 1000 Dei
899 960 1051 1002 Filium
1077 963 1275 1012 credidit,
1305 979 1431 1020 quem

85 1030 253 1071 videbat
270 1047 280 1077 ;
303 1029 399 1085 quia
417 1044 459 1070 se
478 1030 527 1069 ab
546 1029 747 1085 imperitae
766 1030 897 1086 plebis
917 1031 1093 1073 rudibus
1111 1034 1249 1075 adhuc
1272 1035 1432 1091 opinio-

85 1102 207 1144 nibus
242 1101 472 1157 separabat.
514 1100 702 1155 Denique
740 1115 836 1141 cum
864 1101 1159 1159 interrogasset
1197 1105 1401 1148 Dominus
1416 1138 1428 1155 ,

84 1171 185 1229 quid
208 1171 397 1213 homines
417 1173 467 1212 de
487 1171 592 1212 Filio
612 1170 795 1212 hominis
817 1172 1092 1222 aestimarent,
1108 1189 1205 1217 cum
1219 1175 1432 1218 diceretur

84 1243 193 1300 vulgi
215 1242 419 1284 sententia
435 1274 446 1288 ,
469 1242 616 1283 Petrus
641 1241 819 1282 tacebat.

141 1312 281 1355 XXX.
319 1312 450 1353 Taces
472 1326 595 1367 ergo,
621 1311 765 1352 Simon
788 1344 798 1359 ,
839 1319 882 1352 et
918 1313 1272 1369 respondentibus
1308 1313 1426 1364 aliis,

85 1384 221 1426 adhuc
246 1382 408 1429 taees¹3
435 1398 530 1423 cum
556 1382 642 1439 ipse
660 1383 713 1422 sis
740 1382 921 1438 primus,
949 1384 1018 1438 qui
1043 1384 1168 1425 etiam
1192 1399 1276 1425 non
1298 1384 1428 1427 inter-

84 1463 250 1511 rogatus
268 1453 496 1509 interrogas
515 1467 523 1492 :
546 1467 622 1493 nec
642 1452 778 1499 timos,
795 1467 846 1493 ne
858 1453 1178 1508 reprehendaris
1197 1470 1216 1496 a
1230 1455 1428 1506 Domino,

83 1525 178 1580 quia
201 1539 284 1565 non
307 1524 534 1580 respondes
560 1521 864 1578 interroganti?
886 1523 986 1564 Ideo
1003 1555 1012 1570 ,
1038 1523 1173 1580 inquit
1193 1556 1204 1572 ‚
1237 1539 1321 1567 non
1345 1542 1428 1569 res-

82 1595 247 1651 pondeo
269 1626 277 1640 ,
304 1593 397 1649 quia
425 1607 505 1633 non
531 1592 766 1647 interrogor
788 1606 923 1632 meam
939 1623 949 1639 ,
975 1593 1047 1634 sed
1071 1593 1246 1636 alienam
1267 1603 1431 1637 senten-

83 1665 206 1711 tiam;
228 1663 310 1719 legi
337 1663 448 1704 enim
470 1677 479 1703 t
501 1663 581 1703 «Ut
599 1676 681 1702 non
702 1662 899 1716 loquatur
919 1676 963 1702 os
985 1676 1127 1703 meum
1151 1677 1276 1720 opera
1297 1663 1429 1706 homi-

82 1753 97 1773 »
111 1750 210 1776 num
226 1733 240 1755 ²
267 1749 306 1774 τι)
322 1748 426 1789 opus
450 1740 588 1773 autem
609 1739 671 1772 est
692 1729 951 1786 perfidorum
971 1730 1166 1786 perfidias
1182 1733 1426 1789 praedicare.

81 1805 189 1860 Ergo
203 1812 322 1845 taceo
336 1802 473 1843 adhuc
487 1834 497 1846 ,
517 1801 611 1857 quia
632 1801 817 1842 nondum
830 1800 870 1841 id
885 1800 997 1856 quod
1013 1801 1147 1843 sentio
1164 1801 1425 1859 interrogor:

82 1890 164 1916 non
188 1874 393 1931 proferam
412 1872 530 1914 labiis
545 1904 554 1918 ‚
574 1872 687 1927 quod
705 1872 866 1912 animus
885 1885 968 1912 non
990 1872 1196 1928 probavit.
1219 1873 1308 1914 Erit
1326 1881 1430 1915 tem-

81 1961 156 2002 pus
191 1945 358 2001 quando
387 1942 676 2000 respondeam.
718 1942 1015 1999 Interrogabor
1037 1951 1078 1984 et
1098 1942 1186 1999 ipse
1207 1943 1308 2000 quid
1330 1959 1428 1986 sen-

81 2015 178 2056 tiam
197 2048 205 2060 ,
233 2024 333 2055 tune
355 2015 525 2054 demum
550 2012 812 2067 respondebo
844 2012 957 2066 quod
989 2026 1131 2052 meum
1163 2021 1247 2058 est;
1281 2028 1422 2054 meum

79 2093 141 2126 est
158 2084 268 2125 enim
294 2083 423 2124 fidem
442 2082 555 2138 loqui
579 2114 589 2130 ,
620 2083 817 2138 pietatem
838 2096 1022 2123 asserere
1040 2113 1051 2129 ,
1077 2081 1252 2138 gratiam
1286 2082 1431 2139 praedi·

80 2170 188 2197 care.

138 2224 302 2268 XXXI.
339 2224 431 2266 Non
464 2223 589 2280 igitur
624 2223 740 2278 quasi
773 2223 930 2279 pigrior
963 2237 1109 2269 sensu,
1139 2237 1241 2266 voce
1274 2222 1433 2265 tardior

80 2304 210 2343 tacet,
235 2310 312 2337 nec
335 2295 451 2350 quasi
484 2294 721 2335 fastidiosus
750 2293 890 2335 dissert
912 2293 1025 2334 vocis
1047 2293 1295 2349 obsequium
1322 2309 1332 2335 ε
1358 2294 1429 2335 sed

79 2365 196 2422 quasi
220 2373 365 2406 cautus
388 2364 622 2421 periculum
647 2362 827 2419 vulgaris
846 2362 1053 2418 opinionis
1076 2363 1202 2404 evitat
1223 2396 1234 2410 ,
1264 2363 1334 2419 qui
1353 2378 1430 2419 pe-

77 2436 258 2477 riculum
294 2449 375 2474 non
410 2434 590 2474 evitabat
624 2433 785 2474 salutis.
824 2432 1015 2487 Denique
1052 2432 1094 2472 in
1127 2431 1429 2488 posterioribus

76 2505 204 2546 habes
226 2504 319 2559 quia
339 2503 493 2544 exilivit
511 2518 533 2543 e
551 2502 678 2543 navi³.
707 2511 750 2543 ut
768 2509 1013 2542 occurreret
1031 2500 1226 2550 Domino,
1244 2516 1325 2543 non
1342 2503 1426 2558 glo-

75 2574 144 2614 riae
166 2573 346 2630 cupidus
369 2606 378 2620 ,
411 2574 480 2614 sed
504 2572 754 2613 obedientiae
778 2579 1068 2627 praeniaturus.

122 2671 131 2686 ι
153 2663 268 2695 nauh.
288 2673 357 2700 xvi,
380 2662 425 2699 ιά.
441 2681 478 2685 -—
500 2670 511 2683 ⁸
535 2662 611 2692 Psal.
630 2673 695 2696 xvx,
710 2661 741 2698 4.
760 2680 797 2684 -
818 2662 831 2684 ³
849 2660 968 2693 Matih.
988 2672 1052 2695 xiv.
1071 2672 1122 2702 29.
