1768 3283
359 329 411 355 DE
446 325 606 354 SPIRITU
641 326 817 360 SANCTO,
853 327 931 353 Lm.
970 327 1030 354 111.
1299 317 1381 366 411

94 406 269 449 LXXX.
307 405 367 447 Ac
393 420 445 447 ne
473 404 564 461 quis
593 403 674 445 hoc
703 404 861 446 derivet
883 405 935 445 ad
958 403 1128 445 Mariam
1151 404 1383 461 virginem:

36 476 163 520 Maria
174 485 263 518 erat
279 477 484 532 templum
502 475 594 522 Dei,
612 489 696 515 non
712 474 823 516 Deus
837 473 997 531 templi.
1013 474 1065 516 Et
1080 473 1172 515 ideo
1191 473 1387 517 illesolus

39 547 290 593 adorandus,
319 545 389 601 qui
413 544 668 601 operabatur
687 544 728 585 in
751 545 921 601 templo.

93 617 291 659 LXXXI.
328 616 439 658 Nihil
458 630 559 672 ergo
579 614 724 662 officit,
746 616 860 671 quod
878 615 989 656 Deus
1012 615 1209 657 adoratur
1230 615 1272 657 in
1292 614 1389 673 Spi-

39 686 145 736 ritu;
176 686 271 743 quia
299 695 341 728 et
369 686 546 742 Spiritus
574 687 784 727 adoratur.
813 686 1064 741 Quanquam
1089 685 1122 726 si
1149 686 1237 743 ipsa
1263 687 1390 728 verba

40 757 370 804 consideremus,
385 756 485 812 quid
503 755 614 796 aliud
632 756 672 796 in
690 756 810 797 Patre
827 755 982 797 etFilio
1000 764 1041 796 et
1058 755 1215 812 Spiritu
1227 766 1390 806 sancte,

35 826 112 868 nisi
124 825 313 882 ejusdem
326 825 544 882 potestatis
560 825 762 866 unitatem
781 824 1013 881 intelligere
1028 825 1259 867 debemus?
1277 825 1391 877 Quid

35 905 94 938 est
122 896 233 937 enim
257 911 300 937 z«
323 896 372 936 In
399 895 557 951 Spiritu
585 902 626 935 et
657 894 830 935 veritate
863 895 1037 936 adorare
1068 895 1291 952 oportet¹i³
1317 914 1332 935 1>
1357 897 1389 938 si

37 976 177 1010 tamen
200 966 280 1008 hoc
303 980 385 1007 non
410 967 460 1008 ad
488 966 662 1022 gratiam
686 965 926 1022 spiritalem
942 965 1113 1014 referas,
1137 981 1216 1008 nec
1241 967 1293 1007 ad
1320 982 1394 1008 ve-

34 1053 123 1079 ram
145 1037 411 1079 conscientiae
434 1035 560 1077 fidem
590 1051 598 1075 ε
626 1036 715 1083 sed,
741 1045 786 1077 ut
809 1036 1004 1084 diximus,
1039 1036 1314 1093 personaliter
1342 1035 1392 1091 (si

36 1117 175 1149 tamen
198 1107 370 1164 dignum
395 1107 475 1148 hoc
505 1106 679 1147 verbum
699 1112 760 1146 est
784 1105 1013 1160 majestatis
1041 1105 1303 1162 expressione
1325 1106 1391 1150 di-

36 1178 160 1232 vinae)
182 1179 232 1218 de
251 1177 419 1218 Christo
445 1175 627 1231 accipias
649 1183 688 1216 et
710 1176 762 1216 de
785 1174 957 1230 Spiritu.

92 1247 309 1289 LXXXII.
348 1247 462 1298 Quid
479 1255 540 1287 est
558 1260 675 1301 ergo,
697 1246 894 1286 adoratur
911 1244 951 1285 in
972 1243 1138 1286 Christo
1152 1244 1293 1294 Pater,
1313 1247 1391 1288 nisi

35 1316 129 1373 quia
149 1325 212 1359 est
236 1317 278 1358 in
307 1316 474 1358 Christo
495 1316 634 1363 Pater,
659 1322 700 1355 et
721 1315 908 1370 loquitur
930 1314 971 1355 in
997 1315 1166 1357 Christo
1187 1316 1331 1365 Pater,
1350 1326 1392 1359 et

34 1394 174 1429 manet
196 1386 238 1428 in
262 1385 429 1428 Christo
454 1385 606 1427 Pater?
629 1385 720 1426 Non
744 1385 890 1440 utique
913 1384 1028 1440 quasi
1053 1399 1207 1441 corpus
1226 1386 1267 1427 in
1293 1401 1392 1429 cor·

37 1472 160 1513 pore3
185 1472 269 1498 non
289 1457 399 1498 enim
429 1457 541 1498 Deus
564 1470 838 1512 corpusznec
860 1455 975 1510 quasi
999 1454 1198 1497 confusus
1223 1456 1264 1497 in
1287 1470 1392 1498 con-

37 1526 152 1575 fuso3
176 1528 250 1568 sed
273 1527 390 1582 quasi
417 1542 538 1567 verus
555 1525 596 1566 in
621 1540 736 1572 vero,
769 1527 878 1565 Deus
900 1525 941 1565 in
964 1525 1068 1573 Deo,
1093 1526 1237 1567 lumen
1261 1526 1301 1568 in
1325 1527 1393 1568 lu-

37 1597 164 1645 mine,
185 1597 436 1652 quasiPater
454 1597 734 1652 sempiternus
755 1596 794 1635 in
809 1595 916 1636 Filio
934 1604 1158 1637 coaeterno.
1183 1596 1275 1638 Non
1294 1612 1392 1653 ergo

36 1667 208 1709 insertio
238 1668 426 1724 corporis
460 1667 731 1723 intelligitur,
757 1667 829 1707 sed
856 1666 992 1707 unitas
1016 1667 1249 1722 potestatis.
1282 1667 1392 1724 Ergo

0 1753 1 1757 ¹
37 1752 111 1794 per
126 1736 332 1779 unitatem
348 1738 563 1794 potestatis
581 1737 835 1779 coadoratur
852 1737 892 1777 in
913 1736 1036 1777 Patre
1061 1736 1268 1786 Christus,
1294 1752 1392 1779 cum

35 1808 147 1850 Deus
173 1817 294 1865 pater
316 1809 514 1849 adoratur
533 1807 574 1848 in
595 1807 777 1848 Christo.
807 1806 1006 1848 Similiter
1030 1807 1170 1863 itaque
1196 1822 1272 1863 per
1295 1807 1393 1849 uni-

37 1887 166 1920 tatem
185 1879 403 1936 potestatis
424 1878 614 1935 ejusdem
635 1879 888 1920 coadoratur
905 1878 946 1919 in
965 1877 1052 1921 Deo
1076 1877 1270 1935 Spiritus,
1293 1879 1394 1921 dum

35 1949 147 1992 Deus
172 1951 370 1991 adoratur
391 1948 433 1990 in
459 1948 633 2005 Spiritu.
810 1938 813 1939 ⁷

93 2018 332 2061 LXXXIII.
371 2018 522 2060 Adhuc
553 2018 667 2060 verbi
692 2018 808 2059 istius
835 2017 917 2058 vim
946 2026 1070 2073 atque
1097 2017 1305 2060 sermonis
1328 2017 1394 2060 di-

37 2088 233 2144 ligentius
254 2096 579 2144 pertractemus,
606 2097 647 2130 et
671 2088 970 2144 proprietatem
991 2087 1082 2143 ejus
1100 2102 1150 2128 ex
1173 2087 1262 2129 aliis
1282 2087 1397 2129 colli-

37 2172 181 2214 gamus
202 2173 244 2199 z«
258 2158 432 2206 Omnia,
464 2158 626 2214 inquit,
655 2158 694 2199 in
724 2157 934 2215 Sapientia
962 2156 1135 2199 fecisti2.
1156 2156 1302 2208 »Quid
1324 2157 1393 2199 hic

38 2228 163 2284 igitur
200 2228 472 2286 intelligimus
510 2237 697 2270 exortem
732 2228 939 2270 factorum
980 2242 1068 2269 esse
1104 2226 1394 2284 Sapientiam?

49 2315 62 2335 u
80 2297 165 2339 Sed
180 2298 320 2340 omnia
339 2313 414 2355 per
428 2299 565 2356 ipsum
584 2299 693 2340 facta
711 2305 807 2339 sunt
820 2297 849 2339 ³.
873 2315 887 2336 n
901 2297 954 2339 Et
967 2297 1099 2338 David
1118 2296 1172 2338 ait
1194 2312 1203 2337 ε
1223 2315 1237 2333 α
1252 2295 1393 2338 Verbo

37 2367 236 2410 »Domini
269 2370 363 2411 coeli
389 2368 546 2411 firmati
573 2378 670 2411 sunt
684 2367 714 2410 Α.
737 2368 876 2425 »Ergo
909 2368 996 2424 ipse
1030 2366 1101 2422 qui
1134 2366 1211 2407 Dei
1239 2365 1393 2408 Filium

38 2436 162 2478 etiam
191 2438 425 2480 coelestium
449 2439 550 2480 dicit
573 2446 814 2486 auctorem,
843 2438 899 2479 ita
925 2436 1071 2493 utique
1095 2436 1197 2477 dixit
1218 2435 1260 2477 in
1283 2435 1389 2478 Filio

84 2555 92 2568 ¹
122 2547 220 2580 Joan.
248 2558 293 2586 iv,
321 2548 371 2586 24.
398 2566 437 2572 —-
469 2557 482 2571 ²
513 2549 596 2581 Psal.
635 2559 695 2580 cm
719 2570 729 2587 ,
764 2547 815 2585 24.
847 2565 886 2571 -—
912 2549 927 2572 ³
952 2547 1050 2579 Joan.
1080 2558 1113 2584 1,
1145 2546 1230 2577 3.—
1263 2548 1276 2573 4
1309 2545 1396 2579 Psal.

38 2610 151 2638 xxxii,
180 2601 212 2633 6.
