1768 3283
364 312 444 353 270
908 312 938 338 s.
980 310 1172 339 AMBRosu

360 387 486 429 tritici
508 402 684 429 messem
705 388 816 445 virga
843 388 1047 436 crederet,
1072 387 1234 444 accepit
1257 388 1474 429 oraculum
1490 421 1500 437 ,
1528 396 1572 430 nt
1595 405 1614 430 a
1633 404 1702 446 po-

358 466 505 500 testate
530 459 854 515 alienigenarum
878 459 916 498 in
941 459 1178 499 libertatem
1197 458 1272 499 Dei
1296 460 1499 515 populum
1517 460 1705 502 vindica-

358 538 434 570 ret.
459 528 543 571 Nec
560 529 712 569 mirum
737 528 768 568 si
791 536 852 569 est
872 529 1029 570 electus
1048 529 1096 569 ad
1115 528 1291 585 gratiam
1306 559 1317 576 ,
1342 543 1437 569 cum
1460 530 1536 570 sub
1554 530 1703 571 umbra

357 598 441 655 jam
465 607 553 643 tum
578 613 705 640 sacrae
729 598 866 639 crucis
900 607 940 640 et
975 598 1225 639 venerabilis
1251 597 1462 654 sapientia:
1489 599 1705 656 praedesti-

359 677 456 709 nato
488 667 784 709 incarnationis
814 666 964 709 futurae
999 668 1201 724 mysterio
1237 668 1513 716 constitutus,
1555 669 1704 711 feracis

359 737 506 793 segetis
530 736 739 777 sensibilia
765 738 815 777 de
836 738 1019 778 latibulis
1048 736 1257 778 frumenta
1291 739 1568 794 produceret,
1594 739 1707 779 elec-

360 809 631 864 tionnenique
667 816 908 849 sanctorum
942 823 961 849 a
994 808 1282 864 purgamentis
1311 808 1443 850 inanis
1474 810 1601 865 paleae
1641 824 1708 849 se-

359 886 592 934 questraret
614 895 622 918 :
643 878 712 934 qui
733 887 926 934 tanquam
953 878 1062 935 virga
1086 878 1269 920 veritatis
1289 878 1475 927 exerciti,
1497 877 1707 935 superflua

360 948 510 988 veteris
542 947 722 988 hominis
766 962 863 989 cum
892 947 982 1002 ejus
1013 947 1176 988 actibus
1207 948 1488 1004 deponentes,
1518 948 1633 1004 quasi
1665 948 1707 989 in

361 1019 583 1067 torculari,
619 1019 672 1059 ita
713 1018 752 1058 in
782 1018 969 1059 Ecclesia
1003 1027 1336 1075 congregantur3
1373 1018 1558 1060 Ecclesia
1596 1019 1707 1059 enim

362 1089 543 1130 torcular
566 1096 627 1129 est
653 1087 777 1129 sontis
808 1087 976 1135 veterni,
1015 1088 1056 1128 in
1091 1103 1172 1143 qua
1214 1088 1393 1130 coelestis
1423 1089 1516 1130 vitis
1547 1088 1707 1130 fructus
1767 1129 1768 1147 ἶ

361 1159 556 1199 exundah

419 1227 468 1268 ΙΙ.
509 1227 604 1277 Quo
637 1235 774 1268 motus
805 1228 977 1268 oraculo
1011 1226 1183 1268 Gedcon
1209 1259 1219 1275 ,
1256 1241 1353 1268 cum
1392 1227 1573 1269 audisset
1597 1228 1709 1283 quod

362 1295 654 1338 deficientibus
677 1297 775 1339 licet
798 1298 1050 1354 populorum
1075 1297 1259 1339 millibus
1274 1331 1283 1345 ‚
1303 1298 1343 1338 in
1361 1313 1444 1338 uno
1462 1298 1548 1339 viro
1568 1298 1710 1339 Domi-

361 1383 438 1409 nus
458 1368 625 1424 plebem
649 1369 836 1408 suamab
860 1367 1049 1409 hostibus
1073 1367 1289 1409 liberarct¹
1311 1383 1321 1415 ;
1358 1367 1508 1408 obtulit
1535 1368 1709 1409 hoedum

361 1451 606 1495 caprarum,
633 1436 753 1492 cujus
776 1452 944 1478 carnem
973 1438 1207 1478 secundum
1239 1444 1496 1493 praeceptum
1533 1436 1708 1494 Angeli,

362 1516 404 1549 et
425 1507 554 1550 azima
582 1522 705 1564 supra
728 1515 888 1564 petram
909 1507 1072 1564 posuit,
1105 1515 1147 1548 et
1174 1522 1219 1548 ea
1247 1505 1340 1562 jure
1361 1506 1548 1564 perfudit
1569 1521 1579 1547 z
1617 1496 1709 1563 qua:

363 1579 486 1620 simul
502 1587 547 1619 ut
565 1578 686 1634 virgeo
703 1577 944 1625 cacumine,
971 1592 1095 1633 quam
1116 1576 1288 1633 gerebat
1311 1577 1495 1633 Angelus
1513 1576 1589 1618 Dei
1613 1591 1710 1617 con-

363 1648 476 1704 tigit,
499 1649 548 1689 de
566 1656 681 1704 petra
700 1648 805 1704 ignis
822 1647 956 1703 erupit
974 1663 984 1695 3
1011 1655 1133 1702 atque
1156 1647 1210 1687 ita
1232 1646 1488 1688 sacrificium
1512 1648 1626 1703 quod
1646 1647 1710 1688 of-

361 1717 587 1767 ferebatur,
613 1719 880 1775 absumptun]
904 1726 977 1759 est.
1007 1717 1101 1768 Quo
1119 1716 1275 1757 indicio
1300 1712 1559 1759 declaratum
1596 1717 1709 1759 vide·

365 1797 430 1830 tur
452 1789 564 1844 quod
590 1796 707 1845 petra
726 1788 793 1829 illa
815 1796 960 1843 typum
983 1786 1178 1828 habuerit
1199 1785 1385 1843 corporis
1405 1787 1559 1829 Christi
1579 1803 1590 1835 ;
1615 1787 1709 1843 quia

363 1858 566 1916 scriptum
590 1865 651 1899 est
676 1872 684 1898 :
716 1874 731 1895 α
754 1857 963 1899 Bibebant
988 1857 1039 1898 de
1068 1856 1341 1912 consequenti
1371 1871 1443 1898 eos
1466 1865 1583 1913 petra
1600 1888 1610 1903 ‚
1636 1872 1710 1914 pe-

362 1937 453 1970 »tra
472 1936 609 1969 autem
633 1936 722 1969 erat
745 1926 974 1969 Christus².
1004 1945 1018 1966 ι)
1046 1927 1172 1977 Quod
1206 1927 1350 1983 utique
1377 1942 1461 1968 non
1486 1929 1536 1969 ad
1557 1927 1710 1969 Divini-

365 2006 489 2040 tatem
523 1998 640 2054 ejus,
671 1996 744 2038 sed
776 1999 827 2038 ad
853 2012 1023 2038 carnem
1053 1998 1229 2038 relatum
1255 2004 1339 2046 est,
1374 2012 1464 2053 quae
1482 1997 1710 2039 sitientium

365 2068 490 2111 corda
511 2068 765 2125 populorum
788 2067 961 2124 perenni
979 2067 1067 2108 rivo
1091 2068 1153 2108 sui
1178 2067 1388 2124 sanguinis
1407 2068 1637 2110 inundavit.

421 2139 494 2181 ΙΙΙ.
530 2137 924 2194 Jamtuncigiturin
941 2137 1141 2193 mysterio
1158 2137 1417 2179 declaratum
1429 2146 1507 2186 est,
1523 2137 1616 2194 quia
1630 2138 1710 2179 Do-

364 2210 503 2252 minus
521 2210 635 2250 Jesus
658 2209 698 2249 in
723 2223 847 2249 carne
872 2223 943 2250 sua
968 2208 1094 2249 totius
1118 2208 1263 2249 mundi
1289 2217 1460 2265 peccata
1484 2208 1710 2252 crucifixus
1766 2263 1768 2269 Ι

367 2281 553 2322 aboleret
571 2296 577 2321 :
593 2294 671 2321 nec
689 2280 823 2320 solum
836 2278 986 2319 delicta
999 2277 1221 2326 sactorum,
1235 2279 1445 2320 sedetiam
1461 2280 1709 2336 cupiditates
1765 2317 1768 2336 2

367 2350 616 2392 animorum.
640 2349 746 2390 Caro
765 2349 875 2390 enim
894 2348 1005 2390 hoedi
1030 2349 1079 2389 ad
1103 2350 1270 2404 culpam
1294 2348 1391 2389 sacti
1414 2349 1708 2404 refertur3'jus

367 2422 417 2462 ad
435 2420 650 2461 illecebras
669 2419 944 2476 cupiditatum
961 2451 971 2466 ,
991 2418 1098 2459 sicut
1120 2419 1321 2475 scriptum
1343 2427 1430 2460 est:
1455 2437 1469 2457 α
1490 2420 1596 2471 Quia
1614 2434 1711 2461 con·
1749 2422 1750 2425 ’

367 2489 556 2546 »cupivit
595 2490 774 2546 populus
815 2489 1088 2545 cupiditatem
1125 2489 1372 2546 pessimam,
1410 2497 1451 2540 et
1483 2490 1706 2535 dixerunt:

364 2577 380 2600 2>
395 2559 498 2611 Quis
525 2574 599 2601 nos
623 2558 779 2600 cibabit
797 2557 944 2601 carne³
962 2557 979 2600 Ξ)
996 2577 1011 2598 »
1034 2559 1160 2612 Quod
1180 2558 1306 2616 igitur
1323 2560 1510 2602 extendit
1527 2552 1709 2617 Angelus

411 2661 419 2676 ¹
441 2651 548 2685 Judic.
569 2662 635 2690 xiv,
653 2657 682 2684 et
696 2661 785 2695 seqq.
801 2669 839 2677 --
857 2661 869 2676 ²
895 2662 907 2683 1
929 2653 1006 2685 Cor.
1022 2662 1052 2689 x,
1065 2651 1095 2690 4.
1116 2670 1157 2677 —
1177 2652 1191 2676 3
1210 2651 1306 2686 Num,
1324 2651 1412 2691 Χιμί.
