1768 3283
8 2837 10 2849 l

8 2885 10 2895 r

8 2900 11 2921 Ι

11 2738 15 2845 l

12 2858 17 2960 l.

14 2970 18 3057 l

356 332 408 360 1>ss
441 330 600 359 spuu‘ru
633 330 811 365 SANCTo,
846 332 925 359 Lm.
964 333 1024 360 111.
1294 328 1374 380 387

34 407 302 450 Divinitatem
316 416 378 449 est
399 407 548 455 Patris,
575 408 637 449 vel
660 408 771 456 Filii,
796 410 862 451 vel
886 408 1065 466 Spiritus
1084 412 1231 460 sancti,
1256 429 1379 469 quam

34 486 80 519 ut
113 478 391 535 intelligamus
424 479 556 519 multo
585 477 715 534 magis
743 493 868 534 quam
899 493 1051 536 corpus
1083 480 1163 523 hoc
1193 492 1380 525 nostrum

34 557 198 591 aeternae
220 549 524 606 plenitudinem
541 549 775 590 Divinitatis
800 549 934 592 scindi
952 551 1099 596 videri,
1121 552 1152 593 si
1176 553 1267 608 quis
1289 554 1383 595 uni-

35 627 162 661 tatem
181 619 420 661 substantia)
442 628 618 676 separet,
639 620 890 677 multipIIcot
911 630 1160 678 potestates;
1181 637 1279 666 cum
1301 640 1381 666 una

33 688 86 731 sit
106 688 296 744 ejusdem
320 689 554 731 Divinitatis
575 690 815 732 aeternitas?

92 759 207 802 XIII.
244 761 499 815 Plerumque
527 759 637 800 enim
669 775 718 801 ex
749 760 900 803 nostris
933 762 1197 805 sermonibus
1220 779 1265 806 ea
1291 780 1382 822 quae

35 843 159 886 supra
178 843 254 872 nos
276 837 389 876 sunt,
415 829 611 870 convenit
629 830 825 871 aestimari
841 845 849 871 :
866 839 907 872 et
933 831 1027 886 quia
1049 831 1116 873 illa
1135 832 1275 875 videre
1299 849 1383 876 non

33 915 272 958 possumus,
299 915 348 943 ex
370 899 434 942 his
461 914 553 955 quae
575 899 716 942 videre
733 915 970 957 possumus,
996 902 1240 960 colligamus
1261 920 1270 946 ε
1289 923 1304 943 α
1319 905 1383 947 Iu-

34 971 240 1014 »visibilia
279 971 392 1013 enim
423 970 532 1027 ejus,
573 971 629 1013 ait
673 971 924 1029 Apostolus,
954 988 974 1014 a
1011 982 1204 1016 creatura
1235 977 1383 1019 mundi

34 1059 51 1081 ι)
65 1057 139 1099 per
154 1057 202 1084 ea
222 1057 314 1098 quae
336 1042 445 1084 facta
463 1049 575 1089 sunt,
596 1042 810 1084 intellecta
832 1043 1164 1099 conspiciuntur.
1188 1045 1269 1087 »Et
1289 1047 1386 1089 sub-

35 1111 142 1154 didit
165 1127 207 1153 :«
231 1111 494 1169 Sempiterna
523 1126 692 1168 quoque
729 1112 859 1154 virtus
892 1112 982 1169 ejus
1017 1123 1058 1155 et
1089 1114 1335 1159 Divinitas⁵.
1359 1136 1374 1156 n

36 1181 230 1233 Quorum
261 1181 373 1223 aliud
405 1182 458 1223 de
488 1181 613 1230 Filio,
645 1182 759 1223 aliud
786 1183 836 1224 de
868 1182 1026 1240 Spiritu
1050 1193 1194 1226 sancto
1226 1186 1386 1228 dictum

34 1251 228 1302 videtum
258 1261 305 1294 ut
329 1253 688 1308 quemadmodum
711 1254 964 1310 sempiterna
981 1255 1110 1296 virtus
1131 1255 1263 1298 Patris
1291 1257 1390 1299 dici-

36 1331 106 1365 tur
124 1323 270 1373 Filius,
293 1323 347 1364 ita
377 1323 502 1365 etiam
527 1322 706 1380 Spiritus
725 1324 820 1380 quia
843 1324 1007 1367 divinus
1030 1335 1108 1371 est,
1132 1328 1387 1384 sempiterna

36 1392 239 1436 Divinitas
272 1408 361 1434 esse
389 1393 599 1435 credatur.
631 1394 735 1436 Nam
755 1403 796 1436 et
810 1394 941 1437 Filius
965 1396 1060 1451 quia
1085 1412 1250 1455 semper
1271 1399 1386 1447 vivit,

35 1462 120 1505 vita
148 1462 399 1520 sempiterna
432 1471 505 1505 est.
541 1463 617 1505 Hic
646 1479 745 1520 ergo
769 1463 921 1520 digitus
944 1464 1019 1507 Dei
1048 1474 1088 1508 et
1112 1469 1390 1525 sempiternus

37 1541 114 1582 est,
139 1541 181 1575 et
200 1533 377 1576 divinus.
406 1532 520 1584 Quid
541 1533 654 1575 enim
676 1533 753 1575 Dei
781 1534 1018 1592 proprium,
1043 1537 1156 1593 quod
1179 1552 1263 1580 non
1286 1554 1390 1581 sem-

36 1604 248 1662 piternum
269 1605 322 1646 sit
338 1611 380 1645 et
397 1603 584 1646 divinum
603 1603 621 1644 Ρ

94 1674 209 1718 XIV.
244 1675 335 1717 Hoc
359 1674 503 1732 digito,
534 1674 643 1716 sicut
672 1674 866 1731 legimus,
900 1674 1062 1717 tabulas
1088 1675 1176 1719 illas
1202 1678 1389 1736 lapideas

37 1744 150 1787 Deus
170 1744 404 1801 inscripsit,
429 1758 530 1800 quas
555 1744 719 1800 Moyses
747 1743 950 1800 accepit2.
981 1743 1073 1786 Non
1098 1745 1210 1788 enim
1233 1748 1391 1791 carnali

39 1814 168 1873 digito
199 1816 314 1857 Deus
344 1815 495 1856 harum
523 1813 783 1861 litterarum,
820 1829 920 1869 quas
951 1814 1150 1871 legimus,
1187 1816 1323 1873 apices
1350 1828 1391 1859 ct

38 1887 245 1928 elementa
273 1884 491 1927 formavit:
510 1884 583 1925 sed
608 1883 767 1940 Spiritu
790 1898 864 1924 suo
889 1883 1003 1925 dedit
1027 1883 1193 1941 Legem.
1222 1886 1273 1928 Et
1297 1886 1390 1929 idco

38 1955 262 2013 Apostolus
282 1954 385 1997 dixit
403 1969 412 1995 :
431 1954 545 1996 «Lex
566 1953 678 1995 enim
699 1952 893 2010 spiritalis
917 1962 995 2002 est,
1026 1969 1116 2010 qum
1138 1955 1283 2013 utique
1305 1972 1389 1998 non

40 2033 304 2068 »atramento
327 2025 523 2080 inscripta
551 2033 628 2072 est,
656 2025 729 2065 sed
752 2022 910 2080 Spiritu
930 2023 1007 2065 Dei
1029 2024 1108 2066 vivi
1126 2041 1135 2065 ε
1152 2040 1237 2068 non
1261 2025 1303 2067 in
1326 2035 1390 2068 ta-

40 2098 180 2140 »bulis
196 2096 385 2154 lapideis,
411 2093 484 2138 sed
506 2095 547 2137 in
571 2094 722 2137 tabulis
741 2093 879 2135 cordis
898 2095 1174 2138 cariialibus³.
1200 2096 1332 2139 »Nam
1354 2098 1386 2138 si

40 2167 229 2227 Apostoli
248 2168 433 2224 Epistola
457 2165 656 2208 scribitur
681 2165 723 2206 in
745 2164 919 2221 Spiritu,
937 2165 1038 2222 quid
1060 2166 1199 2208 obstat
1222 2168 1387 2223 quomi-

39 2255 118 2283 nus
138 2239 263 2281 etiam
278 2239 414 2295 legem
431 2236 510 2278 Dei
529 2251 613 2278 non
632 2242 880 2283 atramento,
904 2236 976 2276 sed
995 2234 1153 2292 Spiritu
1169 2236 1246 2278 Dei
1263 2238 1391 2295 scrip-

41 2320 126 2354 tam
140 2309 312 2354 credere
324 2309 549 2351 debeamus
566 2323 574 2349 :
591 2322 682 2364 quae
698 2307 842 2362 utique
855 2306 992 2348 cordis
1006 2307 1136 2350 nostri
1154 2308 1389 2365 mentisque

41 2390 200 2425 secreta
222 2395 307 2423 non
329 2380 528 2429 maculat,
553 2379 626 2420 sed
647 2375 884 2419 illuminat?

97 2451 191 2496 XV.
229 2450 394 2507 Scripta
417 2458 479 2491 est
502 2458 639 2490 autem
658 2448 700 2488 in
719 2447 868 2489 tabulis
887 2447 1076 2504 lapideis,
1105 2449 1200 2504 quia
1222 2448 1264 2490 in
1287 2457 1388 2507 typo

41 2523 194 2580 scripta
216 2520 302 2564 esth
322 2535 331 2561 ε
350 2520 423 2562 sed
446 2519 596 2561 tabulae
621 2518 760 2560 fractae
782 2517 918 2575 primo
940 2526 1052 2566 sunt,
1077 2526 1118 2559 ot
1141 2517 1314 2575 abjectae
1337 2521 1389 2563 de

85 2635 94 2649 ¹
117 2625 213 2657 Rom.
246 2636 270 2664 1,
301 2634 352 2657 20.
381 2641 421 2648 —
446 2632 460 2647 ³
491 2621 594 2656 Exod.
626 2632 715 2659 xxxi,
736 2619 784 2653 18.
811 2637 851 2644 --
882 2622 895 2643 3
925 2630 942 2651 2
974 2619 1050 2652 Cor.
1076 2631 1126 2659 111,
1145 2620 1174 2652 5.
1195 2637 1234 2645 -
1253 2621 1264 2646 ⁴
1282 2622 1387 2655 Exod.

42 2689 130 2713 xxxi!
148 2699 158 2718 ,
177 2688 225 2723 19-

1204 2731 1220 2742 1-

1172 2744 1238 2772 20.
