1768 3283
538 265 588 292 1)ss
622 266 730 300 lmen,
764 265 842 292 mn.
882 266 918 293 v.
1326 255 1405 298 235

41 339 148 387 'erat
172 358 244 386 rex
273 342 580 399 sempiternus?
602 361 617 379 α
643 342 762 385 Venit
795 358 894 399 ergo
926 343 1056 386 Filius
1088 344 1269 386 hominis
1302 347 1407 387 acei-

60 428 187 472 »pere
221 427 418 469 regnum,
452 420 492 453 at
523 411 724 454 re‘verti’.
746 431 761 450 »
791 411 1026 454 Noluerunt
1063 428 1160 455 eum
1198 415 1410 471 suscipere

0 481 3 508 ³
57 483 215 530 Judaei,
240 483 291 523 de
313 483 464 538 quibus
490 481 545 523 ait
569 497 610 523 :a
626 481 691 522 Illi
714 481 783 537 qui
812 483 1039 524 noluerunt
1063 498 1130 524 me
1155 498 1329 541 regnare
1347 500 1410 525 su-

0 539 3 598 :
59 570 74 592 »
88 568 162 610 per
179 567 221 593 se
239 583 248 598 ‚
274 552 469 593 adducite
487 560 528 592 et
551 550 775 593 interficite
793 550 905 593 (308².
931 570 947 591 n

119 621 339 664 CXLVHI.
378 621 615 677 Sequamur
640 621 954 678 Scripturarum
988 622 1201 672 ordinem,
1236 624 1311 667 Ille
1340 625 1410 681 qui

0 711 1 715 ¹
56 692 189 740 venit,
214 706 392 748 regnum
421 691 509 733 Deo
538 691 649 732 Patri
682 692 846 732 tradet:
875 699 915 732 et
940 706 1037 733 cum
1065 692 1284 735 tradiderit
1314 709 1410 751 reg-

57 775 181 810 num,
214 769 314 802 tunc
342 769 382 802 et
416 760 503 817 ipse
535 760 752 816 subjectus
782 761 863 802 erit
904 760 962 808 ei,
998 761 1189 817 qui-:sibi
1229 763 1410 818 subjecit

58 832 218 879 omnia3
254 839 298 872 ut
335 831 386 872 sit
417 831 528 872 Deus
556 830 695 871 omnia
723 839 765 872 et
794 830 834 871 in
861 830 1100 872 omnibus³.
1134 830 1178 872 Si
1209 840 1254 872 ut
1277 832 1407 874 Filius

56 901 238 944 hominis
268 915 444 957 regnum
473 901 636 958 aceepit
666 900 741 942 Dei
767 899 924 946 Filius3
946 908 992 941 ut
1013 899 1144 942 Filius
1166 900 1311 957 utique
1337 902 1409 943 ho-

57 973 179 1015 minis
195 973 319 1014 etiam
339 972 566 1014 traditurus
588 980 671 1020 est,
702 973 815 1027 quod
842 971 1004 1027 accepit
1024 986 1033 1012 ε
1053 970 1085 1012 si
1110 979 1156 1012 ut
1182 971 1311 1014 Filius
1331 972 1407 1014 ho-

59 1044 182 1085 minis
215 1043 366 1092 tradit,
397 1059 495 1099 ergo
530 1051 570 1087 et
600 1051 645 1084 ut
683 1042 811 1083 Filius
849 1042 1031 1084 hominis
1069 1042 1405 1098 subjectionem,

61 1113 203 1169 utique
230 1129 301 1169 per
323 1114 608 1155 conditionem
631 1112 791 1161 carnis,
815 1127 899 1154 non
922 1128 996 1169 per
1017 1112 1279 1169 majestatem
1302 1114 1410 1156 Divi-

57 1182 196 1226 nitatis
212 1217 222 1231 ‚
250 1184 450 1240 agnoseit.

117 1252 302 1295 CXLIX.
341 1254 393 1300 Et
412 1262 454 1296 tu
480 1255 531 1295 ad
555 1253 855 1295 contumeliam
879 1253 1053 1309 objicis,
1079 1253 1191 1308 quod
1214 1253 1251 1294 ei
1274 1253 1411 1310 subje-

58 1321 161 1363 cerit
194 1322 334 1364 omnia
367 1323 505 1371 ])eus;
542 1337 639 1364 cum
678 1322 819 1364 audias
843 1324 957 1379 quod
981 1336 1158 1378 regnum
1182 1322 1311 1363 Filius
1334 1323 1412 1364 ho-

58 1390 180 1433 minis
204 1392 292 1433 Deo
317 1393 473 1441 tradat,
505 1401 549 1434 et
579 1401 626 1433 ut
662 1392 702 1433 in
733 1392 1018 1450 superioribus
1050 1391 1228 1433 diximus
1247 1392 1408 1441 libris⁶‚

57 1462 205 1519 legeris
226 1478 234 1503 ε
263 1480 277 1500 «
302 1462 433 1505 Nemo
456 1463 572 1505 venit
597 1465 647 1505 ad
668 1479 757 1511 me,
791 1464 868 1505 nisi
891 1464 1013 1506 Pater
1042 1463 1258 1504 attraxerit
1290 1479 1406 1512 eum,

58 1540 127 1572 »et
149 1548 225 1589 ego
248 1533 507 1574 resuscitabo
529 1549 626 1574 eum
659 1533 700 1574 iu
724 1534 950 1580 novissimo
970 1532 1096 1574 diff?
1119 1552 1134 1571 »
1156 1533 1199 1575 Si
1226 1533 1410 1575 litteram

57 1617 298 1658 sequamur,
329 1603 422 1645 vide
455 1603 585 1661 magis
616 1612 740 1659 atque
771 1605 941 1645 adverte
972 1603 1175 1644 unitatem
1205 1602 1411 1644 honorifi-

60 1672 206 1714 centiae
233 1688 242 1714 :
266 1682 307 1715 et
332 1674 455 1715 Pater
476 1674 657 1729 subjecit
675 1675 802 1722 Filio,
826 1683 867 1716 et
890 1674 1017 1715 Filius
1036 1673 1144 1715 Patri
1167 1673 1302 1715 tradit.
1334 1674 1410 1715 Die

60 1742 160 1798 quid
188 1742 240 1783 sit
270 1744 446 1799 amplius
473 1744 663 1791 trahere,
695 1759 745 1785 au
776 1743 1058 1785 resuscitare?
1088 1743 1236 1785 Nonne
1258 1758 1411 1784 secuu-

61 1813 158 1852 dum
181 1827 341 1853 morem
359 1813 580 1855 hominum
608 1814 886 1856 ministeriun]
907 1813 1125 1861 trahentis,
1147 1821 1329 1869 potestas
1350 1821 1412 1853 est

60 1881 330 1924 suscitantis?
356 1882 439 1925 Sed
463 1892 504 1925 et
530 1881 660 1925 Filius
689 1886 739 1925 ad
765 1884 929 1925 Patrem
961 1883 1109 1929 trahit,
1142 1891 1184 1924 et
1216 1883 1338 1924 Pater
1362 1884 1413 1924 ad

60 1951 213 1993 Filium
245 1951 403 1999 trahit‚·
443 1962 484 1994 et
515 1953 645 1994 Filius
676 1953 871 2001 suscitat,
904 1963 944 1994 et
966 1954 1090 1995 Pater
1115 1952 1300 1995 suscitat.
1339 1953 1414 1994 Fa·

61 2031 225 2064 cessant
249 2022 462 2079 sacrilegae
487 2032 726 2065 commenta
756 2023 1043 2072 discretionis,
1083 2023 1153 2064 ubi
1182 2023 1318 2064 unitas
1342 2038 1413 2080 po-

64 2091 224 2133 testatis
248 2100 324 2133 est·

118 2161 196 2203 CL.
231 2161 386 2203 Tradat
407 2161 533 2219 igitur
552 2161 663 2203 Patri
690 2177 866 2220 regumn
891 2178 1015 2204 suum
1041 2162 1200 2204 Filius?
1225 2162 1317 2205 Non
1344 2163 1411 2204 de-

19 2243 22 2246 *
60 2230 168 2288 perit
186 2231 352 2273 Christo
370 2246 545 2288 regnum
566 2231 678 2289 quod
703 2233 850 2280 tradit,
870 2235 943 2274 sed
962 2231 1142 2290 proficit.
1169 2231 1252 2275 Nos
1269 2248 1412 2274 sumus

35 2344 43 2350 5
61 2315 261 2356 regnum,
286 2302 379 2358 quia
406 2302 525 2343 nobis
554 2303 714 2343 dictum
743 2312 803 2344 est
825 2318 833 2344 :
860 2304 1083 2359 «Regnum
1109 2303 1188 2343 Dei
1211 2302 1318 2344 intra
1341 2318 1411 2344 vos

63 2380 153 2412 »est
173 2370 201 2413 ὓ.
230 2390 245 2410 ιο
276 2372 328 2412 Et
350 2386 493 2413 sumus
526 2387 704 2428 regnum
737 2372 892 2414 Christi
921 2381 1042 2421 aute,
1077 2380 1223 2429 postea
1255 2372 1412 2420 Patrisg

64 2439 158 2495 quia
196 2440 398 2497 seriptum
425 2448 517 2482 est:
549 2457 564 2479 ι(
595 2440 727 2483 Nemo
765 2442 879 2484 venit
913 2444 965 2484 ad
999 2443 1193 2490 Patrem,
1228 2441 1305 2482 nisi
1339 2456 1414 2498 per

110 2550 117 2563 =
139 2542 213 2572 Luc.
234 2551 302 2580 xix,
322 2552 428 2574 12.—
447 2551 459 2566 ¹
492 2541 583 2573 Ibid.
605 2553 658 2584 ²7·
673 2561 713 2566 —
731 2544 744 2566 ³
767 2554 776 2574 ι
795 2543 874 2575 Cor.
896 2553 935 2574 xv
962 2543 1071 2582 aci—28.
1098 2563 1136 2569 —
1157 2545 1171 2572 ⁴
1199 2555 1209 2576 1
1238 2544 1321 2578 Vide
1336 2545 1414 2587 Sup-

63 2593 122 2626 lib.
137 2604 166 2633 2,
182 2604 250 2636 cap.
264 2594 296 2632 ά.
318 2613 358 2619 -
380 2597 393 2618 5
410 2595 503 2629 Joan.
519 2605 566 2632 vl,
582 2595 636 2634 44.
653 2614 692 2621 -
706 2596 720 2618 ⁶
740 2597 814 2628 Luc.
837 2607 916 2636 xvu,
933 2606 981 2627 21.
