1768 3283
518 275 568 301 DE
601 275 710 318 lflnli,
746 274 826 302 Lm.
866 274 898 299 V.
1314 275 1395 317 219

104 351 273 396 XCVII.
311 351 363 394 Et
393 351 501 393 bene
533 351 720 399 addidit,
754 349 946 399 «Meum,
972 368 988 388 ι
1014 357 1060 391 ut
1091 363 1174 391 non
1205 365 1313 391 unus
1344 351 1395 392 de

46 423 210 470 multis,
231 436 308 464 nec
331 422 546 478 degeneris
567 430 740 469 naturae,
771 436 848 463 nec
866 421 1038 463 minoris
1062 420 1238 475 alicujus
1255 430 1396 476 potes-

46 493 163 534 tatis:
189 493 260 534 sed
280 507 400 533 verus
423 506 442 532 a
462 506 576 539 vero,
597 500 637 532 et
658 500 840 548 paterna:
858 490 993 547 imago
1010 490 1171 531 venisse
1198 489 1397 531 substan-

48 562 111 604 tiae
135 563 394 603 crederetur.

102 630 290 674 XCVIII.
330 631 427 671 Esto
458 639 616 680 tamen,
646 630 785 671 minor
806 629 857 671 sit
884 629 954 686 qui
980 629 1177 678 mittitur,
1198 644 1247 690 eo
1270 645 1292 671 a
1312 643 1394 686 quo

44 701 247 748 mittitur3
268 715 366 758 ergo
389 709 430 741 et
452 701 584 742 Pilato
618 701 756 741 minor
784 698 1001 748 Christus,
1025 699 1223 755 quoniam
1247 699 1401 742 Pilatus

44 772 155 814 misit
178 786 275 812 eum
301 772 351 812 ad
381 770 609 812 Herodem.
645 769 726 811 Sed
755 784 892 811 sermo
929 783 1013 810 non
1047 769 1295 825 praejudicat
1326 784 1398 826 po-

44 843 211 885 testati:
250 841 494 898 Scriptura,
527 856 618 897 quae
649 841 821 882 missum
855 840 956 881 dicit
991 854 1012 881 a
1047 840 1194 888 Patre,
1220 839 1396 883 mis'sum

45 911 144 954 dicit
166 927 187 953 a
207 911 396 968 praeside.

100 981 252 1024 XCIX.
292 980 410 1022 [nde
442 979 473 1021 si
498 979 638 1022 sobrie
665 981 716 1021 de
750 979 829 1021 Dei
856 979 962 1021 Filio
994 994 1086 1035 quae
1122 979 1245 1037 digna
1272 989 1392 1028 sunt,

45 1051 293 1107 opinemur3
316 1051 409 1092 ideo
433 1050 604 1091 missum
630 1050 862 1106 intelligere
881 1050 1108 1098 debemus,
1137 1050 1233 1106 qnia
1252 1065 1302 1092 ex
1325 1051 1396 1093 illo

46 1120 461 1178 incomprehensibili
483 1120 837 1176 inenarrabilique
858 1128 1019 1162 secreto
1044 1120 1274 1177 majestatis
1293 1136 1394 1178 pro-

44 1190 258 1248 prosundae
296 1191 410 1232 dedit
444 1206 487 1232 se
523 1190 970 1248 comprehendendum
1014 1205 1089 1247 pro
1135 1200 1260 1248 captu
1301 1207 1396 1233 nos-

45 1269 107 1302 tro
140 1260 353 1301 mentibus
384 1259 534 1301 nostris
563 1260 639 1302 Dei
678 1260 863 1302 Verbum
884 1293 893 1308 ,
923 1275 1007 1301 non
1045 1262 1180 1302 solum
1219 1276 1317 1302 cum
1357 1277 1400 1303 se

42 1329 295 1379 exinani—ret,
320 1331 392 1371 sed
410 1330 536 1371 etiam
555 1345 652 1371 cum
671 1330 878 1372 habitaret
901 1331 941 1371 in
963 1331 1083 1372 nohis
1100 1363 1110 1378 ,
1138 1331 1246 1372 sicut
1266 1331 1399 1388 scrip-

45 1409 134 1441 tum
157 1409 241 1442 est:
267 1401 521 1452 «Quoniami
538 1401 766 1442 nhabitabo
790 1401 830 1442 in
854 1400 971 1442 illis³.
994 1401 1217 1457 »Denique
1245 1410 1286 1443 et
1305 1402 1401 1443 alibi

48 1470 173 1512 habes
195 1470 290 1526 quia
318 1471 430 1512 Deus
466 1471 596 1512 dixit:
623 1488 638 1509 α
658 1471 827 1518 Venite,
863 1472 1195 1520 descendamus,
1228 1480 1270 1514 et
1306 1487 1401 1514 con-

46 1540 300 1582 »sundamus
316 1541 477 1597 linguas
500 1539 688 1582 eorum².
713 1559 728 1579 n
749 1541 841 1583 Non
864 1541 975 1582 enim
999 1541 1112 1582 Deus
1141 1541 1191 1582 de
1215 1542 1309 1583 loco
1330 1541 1399 1583 ali-

47 1610 216 1667 quando
241 1610 480 1657 descendit,
511 1610 581 1666 qui
610 1611 665 1652 ait
687 1625 696 1650 ε
722 1628 736 1648 ιι
754 1611 840 1667 Ego
859 1612 1012 1652 coelum
1031 1618 1072 1652 et
1099 1619 1252 1651 terram
1280 1625 1399 1652 com·

49 1678 260 1736 »pleo³;»
295 1681 367 1721 sed
399 1681 440 1721 in
473 1695 522 1721 eo
561 1681 816 1722 descendere
838 1681 1021 1730 videtur,
1065 1681 1097 1722 si
1130 1689 1293 1723 nostros
1326 1681 1404 1723 Dei

50 1748 236 1791 Verbum
255 1759 448 1806 penetret
471 1750 666 1799 affectus,
689 1751 797 1792 sicut
829 1751 931 1792 dixit
957 1751 1166 1808 Propheta
1189 1766 1197 1792 :
1225 1769 1240 1790 ι(
1256 1751 1405 1792 Parate

52 1836 66 1857 n
81 1818 187 1860 viam
208 1818 410 1868 Domino,
436 1828 570 1861 rectas
592 1819 716 1861 facite
738 1821 906 1862 semitas
925 1820 1014 1876 ejus
1031 1819 1070 1868 ⁶;
1094 1840 1108 1860 n
1137 1830 1184 1863 ut
1207 1821 1409 1877 quemad-

51 1890 223 1930 modum
240 1889 326 1946 ipse
343 1889 551 1946 promisit,
571 1890 742 1932 veniens
765 1905 862 1932 cum
884 1891 1004 1932 Putre
1019 1923 1028 1939 ,
1051 1891 1163 1947 apud
1182 1905 1256 1934 nos
1278 1890 1403 1931 faciat

55 1958 328 2002 mansionem.
352 1960 533 2002 Evidens
554 1968 615 2002 est
642 1960 766 2017 igitur
784 1960 997 2017 quomodo
1014 1961 1165 2003 veniat.

100 2054 109 2073 ¹
136 2060 151 2080 2
170 2050 249 2082 Cor.
266 2061 310 2090 v1,
331 2051 380 2083 ιδ’.
397 2069 437 2075 -
455 2062 466 2075 ¹
486 2052 569 2084 Gen.
594 2063 640 2090 xi,
655 2064 687 2094 7.
707 2071 746 2076 —
764 2055 776 2076 ³
795 2052 917 2085 Jerem.
935 2064 1030 2092 xxm,
1049 2052 1100 2091 24.
1118 2071 1158 2077 —
1174 2054 1188 2080 ⁴
1205 2054 1282 2085 lsai.
1298 2063 1352 2087 XL,
1366 2053 1398 2083 5.
