1768 3283
351 329 434 369 330
896 343 926 370 s.
967 340 1160 370 AMBRosu

351 422 428 463 bus
453 420 676 464 dividebat.
702 421 868 463 Utinam
888 428 970 462 tam
993 428 1140 462 cautus
1158 419 1208 460 ad
1230 419 1474 461 servandam
1495 418 1695 476 gratiam,

349 507 473 548 quam
496 492 612 533 sortis
636 491 686 532 ad
710 491 987 548 superandam
1014 489 1214 531 bestiam!

347 568 353 573 '
408 561 477 603 Vl.
517 563 568 603 Et
586 563 758 603 fortasse
776 562 856 602 hoc
879 577 961 601 non
987 563 1120 602 solum
1144 559 1307 601 virtutis
1329 559 1604 608 miraculum,
1629 560 1702 601 sed

352 632 476 688 etiam
494 631 705 688 sapientire
731 631 975 686 mysterium
996 663 1004 677 ,
1025 629 1252 685 prophetiae
1271 630 1486 670 oraculum
1510 629 1599 671 suit.
1625 629 1702 672 Ne·
1752 628 1753 644 ³

353 717 433 758 que
446 701 556 741 onim
572 701 751 742 otiosum
768 700 931 740 videtur
943 700 1054 755 quod
1071 714 1166 739 cum
1183 700 1370 739 tenderet
1386 700 1436 739 ad
1455 699 1701 755 mysterium

352 770 619 825 nuptiarum,
653 771 717 810 leo
757 769 924 824 rugiens
957 768 1142 809 occurrit
1170 768 1229 810 ei.
1264 783 1388 823 quem
1414 767 1606 808 manibus
1634 767 1701 809 ille

357 839 595 895 discerpsit,
623 839 662 878 in
687 838 808 893 cujus
831 853 1008 894 corpore
1031 870 1039 884 ,
1064 837 1274 878 connubio
1300 837 1505 893 potiturus
1530 846 1672 894 optato
1691 870 1700 885 ,

358 910 723 965 congregationem
743 924 864 965 apum
884 908 1060 964 reperit,
1082 909 1221 949 etmel
1245 908 1407 948 sustulit
1434 909 1483 948 de
1506 922 1577 948 ore
1595 907 1702 962 ejus,

357 980 469 1034 quod
494 979 598 1034 patri
622 979 830 1018 edendum
860 977 1066 1033 matrique
1091 977 1277 1018 tribuw.
1305 978 1496 1019 Habebat
1519 977 1706 1034 gentium

358 1049 535 1104 populus
556 1048 694 1093 mella,
712 1046 781 1102 qui
797 1046 973 1088 eredidit
992 1062 999 1087 :
1021 1047 1089 1102 qui
1105 1047 1282 1104 populus
1301 1046 1473 1089 feritatis
1488 1056 1575 1089 erat
1594 1056 1705 1095 anto,

357 1131 472 1158 nune
496 1115 650 1156 Christi
680 1124 754 1157 est.

416 1186 502 1227 Vll.
543 1186 629 1228 Nec
649 1185 734 1242 ipsa
755 1186 928 1242 quaestio
947 1194 1065 1227 vacat
1082 1187 1353 1229 sacramentis
1370 1220 1379 1235 ,
1404 1203 1528 1244 quam
1551 1203 1709 1245 propo-

362 1257 443 1298 suit
465 1257 676 1298 sodalibus
705 1257 811 1305 suis,
839 1257 982 1298 dicens
1007 1257 1119 1298 :«De
1142 1258 1294 1299 edente
1313 1258 1438 1300 exivit
1460 1273 1553 1300 esca
1568 1291 1577 1309 ,
1597 1267 1639 1301 et
1658 1260 1710 1300 de

361 1336 561 1385 »potente
589 1327 713 1368 exivit
743 1326 940 1379 dnlce2.»
964 1327 1154 1383 Denique
1182 1343 1231 1369 eo
1264 1344 1396 1385 usque
1426 1330 1626 1386 mystica,
1665 1337 1711 1370 ut

359 1397 492 1439 tribus
521 1396 668 1437 diebus
698 1396 788 1451 ejus
819 1397 1017 1438 revelatio
1039 1407 1322 1452 quaereretur,
1351 1414 1440 1454 quse
1466 1414 1549 1440 non
1577 1399 1712 1455 potuit

360 1468 436 1509 nisi
461 1482 532 1523 per
554 1466 679 1508 fidem
703 1467 917 1515 Ecclesiae,
939 1467 1004 1507 die
1022 1467 1196 1524 septima
1211 1501 1220 1516 ,
1242 1470 1452 1526 completo
1472 1470 1591 1526 Legis
1609 1477 1712 1510 tem-

360 1551 484 1593 pore,
509 1544 603 1593 post
634 1536 869 1592 passionem
890 1536 1058 1577 Domini
1089 1538 1276 1579 revelari.
1315 1539 1383 1580 Sic
1411 1539 1522 1579 enim
1553 1539 1709 1588 habes,

361 1607 459 1663 quia
482 1614 522 1647 et
545 1606 730 1663 Apostoli
752 1606 844 1647 ideo
870 1621 952 1647 non
979 1607 1292 1664 intelligebant,
1317 1608 1412 1664 quia
1430 1626 1443 1646 «
1460 1607 1584 1650 Jesus
1604 1623 1714 1650 non-

360 1677 490 1717 »dum
517 1676 652 1716 suerat
685 1675 1062 1717 honorificatus³.»

426 1745 531 1787 VIII.
575 1763 589 1782 «
617 1746 758 1796 Quid,
790 1745 1010 1801 inquiunt,
1045 1747 1210 1788 dulcius
1248 1748 1395 1796 melle,
1434 1757 1476 1789 et
1506 1747 1607 1804 quid
1632 1748 1713 1790 sor-

363 1835 377 1854 »
393 1816 473 1858 tius
495 1815 750 1857 le011eP»Ad
772 1832 864 1872 quse
887 1817 955 1858 ille
979 1817 1197 1874 respondit
1219 1832 1260 1858 z«
1276 1817 1318 1859 Si
1342 1833 1425 1859 non
1451 1819 1715 1862 domuissetis

362 1907 376 1925 n
393 1886 564 1927 vitulam
584 1900 738 1933 meam,
761 1901 846 1928 non
871 1887 1130 1929 invenissetis
1155 1888 1427 1943 quaestionem
1454 1889 1631 1932 meam‘ss
1650 1890 1715 1933 »O

364 1956 549 1998 divinum
584 1956 854 2012 mysterium!
881 1972 904 1997 0
932 1957 1100 1999 evidens
1124 1961 1462 2001 sacramentum!
1497 1960 1713 2002 Evasimus

362 2025 730 2081 interemptorem,
760 2034 975 2083 potentem
1004 2027 1081 2069 vlei
1119 2044 1223 2070 mus.
1247 2029 1309 2070 lbi
1339 2044 1452 2071 nunc
1480 2029 1598 2072 cibus
1621 2031 1714 2073 vitae

365 2103 440 2146 est,
457 2094 526 2135 ubi
546 2099 634 2136 erat
652 2103 747 2136 ante
769 2095 929 2137 miserae
940 2096 1068 2138 sames
1086 2098 1297 2140 mortis.In
1317 2101 1494 2141 salutem
1509 2100 1713 2156 pericula,

365 2164 407 2205 in
435 2164 680 2206 suavitatem
702 2166 936 2208 amaritudo
955 2168 1228 2210 convertitur.
1249 2169 1390 2211 Gratia
1415 2185 1465 2211 ex
1487 2169 1718 2212 offensione
1747 2178 1750 2181 '

365 2233 589 2290 processit,
609 2234 794 2289 potentia
818 2250 867 2276 ex
891 2235 1153 2285 infirmitate,
1178 2238 1258 2280 vita
1284 2239 1334 2280 de
1358 2248 1506 2282 morte.

423 2303 497 2344 IX.
531 2302 639 2345 Sunt
661 2312 800 2345 tamen
824 2306 935 2360 quie
956 2307 1166 2348 contrario
1185 2316 1333 2364 putent
1352 2308 1515 2350 fundari
1538 2325 1620 2351 non
1646 2324 1718 2366 po·

363 2372 491 2413 tuisse
511 2372 755 2429 eonjugium
770 2408 779 2422 ,
801 2375 878 2416 nisi
900 2375 1041 2417 occiso
1060 2377 1182 2418 leone
1202 2379 1252 2419 de
1273 2378 1384 2419 tribu
1400 2378 1509 2421 Juda
1527 2394 1536 2419 τ
1557 2387 1598 2421 et
1623 2379 1718 2421 ideo

363 2441 405 2484 iu
428 2457 605 2499 corpore
627 2443 717 2500 ejus
735 2477 743 2492 ,
769 2445 849 2486 hoe
877 2455 959 2493 est,
993 2447 1190 2489 Ecclesiae
1207 2481 1218 2499 ,
1253 2464 1350 2506 apes
1381 2459 1566 2507 repertas
1583 2483 1592 2499 ,
1623 2465 1714 2506 qua}

362 2512 552 2569 condunt
587 2514 712 2555 mella
744 2516 979 2572 sapientiae3
1016 2517 1111 2573 quia
1145 2528 1239 2576 post
1275 2520 1443 2562 Domini
1476 2520 1714 2577 passionem

409 2618 418 2633 ¹
445 2613 550 2645 Judie.
580 2624 651 2655 xm,
671 2616 702 2654 S,
716 2622 747 2650 et
764 2628 906 2662 seqq.—-
934 2619 1062 2663 2ffi1hid.
1088 2619 1138 2659 14.
1162 2639 1202 2646 —
1221 2622 1233 2644 3
1249 2622 1344 2654 Joan.
1360 2632 1420 2662 vii,
1437 2622 1489 2665 39.
1510 2640 1550 2647 -
1577 2624 1590 2651 4
1607 2621 1716 2654 Judic.

365 2677 432 2704 xxv,
453 2667 504 2699 18.
