1768 3283
355 305 407 332 DE
442 301 600 331 srinlru
633 301 810 337 sANc'ro,
847 303 925 330 Lm.
966 304 1010 331 11.
1291 288 1373 345 367

27 392 141 428 ceret
159 384 289 426 Filius
307 397 316 425 ε
334 400 350 421 ιι
367 382 429 424 De
447 382 513 424 die
532 391 670 425 alitem
689 383 758 425 illa
776 392 818 426 et
835 382 938 425 hora
949 397 1074 426 nemo
1087 383 1220 432 novit,
1241 398 1376 440 neque

26 454 206 512 »Angeli
228 456 433 496 coelorum
448 453 461 474 ²
482 486 491 501 ,
507 472 520 492 n
535 455 699 510 excepit
725 453 929 510 Spiritum
948 463 1153 497 sanctum.
1176 453 1217 495 Si
1241 463 1381 496 autem

27 532 227 581 exceptus
246 532 308 565 est
332 522 511 579 Spiritus
529 531 697 566 sanctus
721 524 771 565 ab
791 524 1025 580 ignorantia
1040 557 1050 574 ,
1070 524 1282 581 quomedo
1300 538 1383 564 nen

29 603 230 651 exceptus
254 602 317 635 est
340 593 413 634 Dei
438 593 599 635 Filius?

91 664 258 707 CXVII.
297 664 381 706 Sed
404 663 507 705 dicis
531 663 628 720 quia
660 679 756 706 cum
785 663 954 721 Angelis
985 664 1323 707 annumeraverit
1347 672 1388 706 et

29 736 106 779 Dei
124 735 293 777 Filium.
324 734 628 776 Annumeravit
651 736 821 792 quidem
843 736 1024 785 Filium,
1051 737 1122 777 sed
1146 751 1229 777 uon
1257 751 1390 778 annu-

28 807 205 849 meravit
249 814 290 847 et
328 805 542 862 Spiritum.
592 806 676 848 Aut
716 808 848 847 fatere
892 807 1018 863 igitur
1055 807 1260 863 potiorem
1302 822 1390 848 esse

30 876 234 934 Spiritum
271 883 463 916 sanctum
503 875 579 916 Dei
609 875 716 916 Filio
732 909 740 923 ,
781 884 826 916 ut
864 875 946 929 jam
980 890 1064 916 non
1104 877 1239 917 solum
1273 876 1390 932 quasi

30 945 258 994 Arrianus,
287 947 358 986 sed
391 945 515 986 ctiam
541 945 658 1000 quasi
681 944 954 987 Photiuianus
978 945 1161 1003 loquaris
1187 960 1196 986 ε
1223 954 1292 986 aut
1320 960 1392 1001 ag-

31 1031 156 1058 nosce
188 1031 269 1072 quo
306 1015 460 1056 referre
497 1015 648 1056 debeas
674 1049 684 1064 ,
724 1017 838 1071 (prod
877 1015 1040 1057 nescire
1072 1015 1226 1057 Filium
1266 1015 1382 1056 dixit.

30 1086 197 1128 Etenim
219 1086 336 1142 quasi
358 1086 484 1127 homo
507 1085 774 1127 annumerari
796 1085 998 1127 creaturis
1015 1085 1174 1142 potuit,
1196 1085 1264 1142 qui
1284 1100 1396 1127 crea-

29 1166 96 1200 tus
118 1165 193 1199 est.

91 1226 279 1270 CXVIII.
320 1227 446 1278 Quod
469 1227 501 1268 si
526 1227 584 1268 vis
610 1227 772 1268 discere
794 1227 888 1282 quia
913 1226 1026 1268 noxit
1045 1227 1184 1269 omnia
1199 1260 1209 1276 ,
1229 1236 1270 1270 et
1292 1244 1392 1285 prcc-

34 1296 252 1339 scientiam
276 1296 406 1338 habet
429 1297 619 1338 omnium
641 1297 717 1338 Dei
735 1296 867 1339 Filius
886 1296 1125 1338 futurorum
1142 1329 1152 1347 ‚
1173 1312 1264 1353 quae
1286 1298 1391 1340 Filio

35 1368 247 1425 incognita
266 1376 403 1425 putas,
422 1382 468 1409 ea
488 1369 538 1410 de
554 1367 661 1410 Filio
681 1367 861 1425 Spiritus
880 1377 1048 1410 sanctus
1068 1369 1243 1426 accepit.
1265 1369 1396 1412 Acce-

34 1438 95 1494 pit
119 1446 258 1479 autem
281 1452 355 1494 per
380 1438 586 1479 unitatem
609 1438 873 1485 substantive,
907 1438 1015 1480 sieut
1036 1439 1196 1496 accepit
1220 1442 1244 1481 ΐι
1269 1440 1392 1483 Patre

0 1512 1 1551 3
32 1509 161 1553 Filius
187 1524 229 1550 :a
256 1509 349 1555 Ille,
378 1509 537 1565 inquit,
563 1524 629 1550 me
652 1508 926 1559 clarificabit,
956 1510 1053 1566 quia
1079 1511 1130 1552 de
1159 1526 1254 1553 meo
1284 1512 1393 1554 acci·

34 1580 173 1637 »piet‚
215 1587 257 1621 et
291 1579 558 1620 annuntiabit
593 1579 723 1621 vobis.
768 1579 922 1631 Omnia
959 1595 1236 1636 quaecumque
1266 1581 1394 1623 habet

35 1650 209 1700 »Pater‚
238 1664 332 1697 mea
365 1658 485 1697 sunt3
518 1657 741 1706 propterea
771 1649 853 1690 dixi
877 1650 967 1691 :De
996 1665 1091 1692 meo
1124 1652 1322 1709 accipiet,
1353 1661 1393 1694 et

35 1737 51 1760 n
67 1719 331 1761 annuntiabit
356 1718 518 1761 vobis².
537 1737 552 1757 n
570 1719 684 1769 Quid
706 1719 831 1775 igitur
853 1719 933 1761 hac
954 1719 1187 1763 evidentius
1209 1722 1396 1764 unitate?

37 1790 140 1841 Quae
167 1789 295 1831 hahet
326 1793 478 1840 Pater,
508 1789 603 1831 Filii
627 1798 724 1832 sunt
754 1805 763 1831 ε
790 1806 882 1847 quae
905 1791 1031 1833 habet
1053 1791 1204 1841 Filius,
1227 1794 1392 1851 accepit

35 1867 77 1901 et
93 1859 290 1916 Spiritus.

97 1929 250 1971 CXIX.
288 1929 446 1986 Accipe
474 1938 615 1971 tamen
649 1930 744 1986 quia
779 1930 892 1972 novit
920 1930 1066 1986 judicii
1101 1932 1211 1974 diem
1243 1934 1388 1978 Filius.

37 1998 213 2041 Lectum
230 2008 292 2041 est
314 1999 355 2040 in
382 1999 587 2042 Zacharia
608 2015 617 2041 z
636 2019 650 2038 (ι
668 2000 720 2042 Et
736 2000 874 2042 veniet
899 2001 1104 2043 Dominus
1127 2003 1236 2045 Deus
1256 2019 1389 2055 meus,

39 2076 108 2110 »et
126 2083 270 2110 omnes
295 2069 426 2111 sancti
455 2085 552 2111 cum
576 2085 642 2112 eo.
673 2070 718 2111 In
743 2070 809 2112 illa
833 2070 898 2111 elie
922 2085 1005 2112 non
1028 2071 1106 2113 erit
1128 2074 1291 2123 lumen,
1322 2075 1396 2117 sed

38 2156 54 2180 n
67 2138 195 2196 frigus
206 2147 246 2180 et
259 2140 354 2196 gelu
370 2154 378 2181 :
397 2148 438 2181 ct
456 2141 535 2181 erit
554 2140 642 2182 <lies
658 2156 741 2182 una
754 2173 763 2189 ,
781 2150 822 2182 et
836 2141 922 2182 dies
936 2141 1001 2183 illa
1014 2151 1111 2184 nota
1128 2143 1308 2186 Domino
1321 2145 1348 2187 ³.
1367 2165 1381 2185 υ

39 2210 138 2252 Haee
155 2210 281 2267 igitur
303 2210 389 2252 dies
407 2219 508 2253 nota
531 2211 710 2253 Domino
725 2245 735 2259 ,
753 2212 822 2267 qui
845 2211 979 2254 veniet
1002 2227 1099 2255 cum
1118 2215 1270 2258 sanctis
1289 2218 1391 2266 suis,

39 2283 222 2324 secundo
249 2297 323 2323 nos
352 2283 663 2325 illuminaturus
687 2284 883 2325 adventu.

102 2352 233 2394 CXX.
269 2352 353 2394 Sed
382 2354 494 2409 quod
513 2353 594 2394 orsi
621 2369 764 2395 sumus
791 2355 841 2394 de
865 2353 1040 2411 Spiritu,
1073 2370 1387 2413 persequamur.

43 2422 180 2464 Habes
201 2421 313 2463 enim
344 2423 385 2463 in
411 2438 460 2464 ee
491 2425 605 2479 quod
636 2424 898 2480 praetulimus
926 2425 1118 2481 exemplo
1149 2427 1241 2481 quia
1264 2428 1393 2472 Filius

46 2493 146 2534 dicit
168 2494 218 2534 de
235 2493 393 2549 Spiritu
419 2508 427 2534 t
446 2494 547 2535 «Ille
569 2509 635 2534 me
655 2494 940 2535 clarificabit.»
956 2494 1168 2537 Clarificat
1186 2512 1284 2555 ergo
1306 2499 1396 2558 Spi-

46 2562 150 2605 ritus
168 2563 325 2605 Filium
346 2595 357 2612 ,
382 2563 490 2606 sicut
507 2563 709 2606 clarificat
729 2573 770 2606 et
785 2564 906 2606 Pater
926 2579 935 2605 ε
955 2566 1028 2607 sed
1050 2565 1174 2608 etiam
1196 2567 1397 2626 Spiritum

92 2663 101 2680 ¹
121 2654 225 2687 Marc.
240 2665 313 2694 λιιι,
334 2655 383 2688 52..
401 2650 441 2681 4-
461 2665 472 2679 2
493 2655 585 2689 Joan.
604 2666 674 2695 xw,
694 2654 742 2694 14,
757 2657 808 2688 15.
823 2673 863 2680 —
878 2656 891 2680 ³
910 2655 1008 2689 Zacli.
1023 2667 1088 2697 xiv,
1105 2658 1134 2691 5.
