1768 3283
666 332 802 360 ixnflx.
1321 315 1403 373 517

105 410 161 443 etsi
176 410 352 443 secundum
369 420 495 442 carnem
508 409 689 452 accipienda
707 414 772 445 est,
795 408 838 439 illi
855 418 917 439 uon
933 406 1073 439 officere.
1085 408 1156 446 Quo
1174 406 1320 449 probato,

103 464 156 507 qui
173 463 227 497 fiat.
240 463 346 495 divina
362 463 469 495 missio
486 463 682 495 describitur.
1343 460 1403 490 216

62 517 169 549 Cnur
193 517 294 548 VIII.
319 516 451 549 Christo
464 517 494 548 in
507 522 659 559 quantum
676 526 768 548 verus
782 520 828 547 est
842 514 901 546 Dei
921 514 1019 546 Filius
1037 538 1044 549 .
1067 513 1242 544 Dominum
1257 522 1320 542 non

103 569 246 608 esse,sed
259 569 291 600 in
307 575 460 612 quantum
475 570 570 601 homo
579 575 641 610 est;
657 575 689 602 ut
701 568 804 601 verbis
818 568 957 610 ejusdem
969 567 1061 598 modo
1074 567 1214 604 Patrem,
1229 565 1323 596 modo

103 623 277 655 Dominum
299 619 520 666 compellantis
542 623 748 665 significatur.
782 623 869 662 Quot
887 622 1021 654 haereses
1053 631 1116 652 uno
1139 620 1321 662 jugulemur

104 677 279 719 Scripturae
292 677 459 709 versiculo.
475 677 710 719 Distinguenda
723 676 819 718 igitur
841 686 911 718 quae
928 675 1057 707 Christo
1069 673 1118 705 vel
1137 679 1171 705 ut
1188 672 1246 704 Dei
1270 673 1322 704 vel

102 735 138 762 ut
149 729 278 761 Davidis
291 729 355 761 filio
366 730 572 766 conveniant;
590 730 634 761 illi
652 729 802 762 enimsub
813 729 925 761 ultimo
936 733 1060 760 tantum
1077 727 1206 758 nomine
1222 726 1320 757 ascri-
1369 725 1389 767 ἔξ

58 787 68 824 ⁵„
101 783 261 821 bendum,
283 783 368 826 quod
382 793 489 815 servus
501 783 608 816 suerit.
620 783 671 815 Ad
685 789 862 816 extremum
881 782 1060 824 complures
1077 782 1163 813 locos
1179 781 1322 813 demons-

102 842 167 870 trat
182 848 247 868 non
265 837 323 869 nisi
341 836 512 868 secundum
527 837 780 869 incarnationem
797 836 895 878 accipi
913 846 1011 877 posse.
1349 844 1409 865 220

59 891 173 924 Cum
197 890 260 922 IX.
287 890 423 922 Judaico
432 900 520 921 more
529 889 674 921 ordinem
687 889 859 921 verborum
869 900 877 920 2
886 889 924 920 In
939 888 1064 920 nomine
1076 888 1187 919 Patr-Is
1199 893 1230 920 et
1241 887 1323 919 Filii

101 948 132 975 et
149 942 294 985 Spiritus
311 943 430 981 sancti,
450 943 696 985 objicientibus,
721 949 839 986 praeter
855 952 1045 984 responsum
1062 932 1151 984 quod'
1164 941 1213 972 vir
1231 950 1326 972 sanc-

101 1002 152 1029 tus
163 996 282 1030 indicat
298 1008 315 1028 a
330 999 439 1039 sejam
453 997 579 1035 datum,
600 997 718 1039 regerit
734 997 832 1029 etiam
850 997 967 1028 Filium
987 1004 1060 1028 ante
1083 995 1209 1028 Patrem
1236 1005 1319 1037 saepe

103 1052 211 1085 locari.
1348 1049 1411 1080 223

57 1106 165 1138 Cnur
187 1107 234 1139 X.
261 1107 414 1140 Arrianus
422 1107 461 1139 ad
472 1108 604 1150 gentiles
614 1108 717 1150 palam
727 1107 876 1145 transire,
887 1108 961 1139 dum
974 1106 1131 1149 objiciunt
1142 1107 1193 1138 illa
1207 1105 1323 1138 verba:

103 1160 167 1201 Qui
182 1161 216 1191 ἱη
231 1173 280 1193 mc
292 1163 389 1194 credie
400 1185 411 1199 ,
432 1173 493 1194 non
511 1163 543 1193 in
559 1173 608 1194 me
619 1163 718 1194 eredit
731 1186 740 1202 ,
752 1162 920 1195 etc.Verus
934 1162 992 1193 loci
1010 1173 1117 1194 sensus
1132 1161 1322 1203 explicatur,

102 1219 133 1247 et
150 1225 190 1246 ne
205 1215 355 1248 credatur
382 1217 538 1248 Dominus
552 1223 692 1249 nostram
715 1218 747 1248 iu
773 1220 874 1260 ipsum
891 1216 985 1248 fidem
1006 1216 1224 1259 prohibuisse,
1247 1215 1324 1247 alias

102 1273 138 1301 ut
152 1270 241 1301 Deus
252 1294 259 1305 ‚
277 1271 355 1302 alias
364 1276 399 1303 ut
413 1271 509 1303 homo
524 1273 648 1304 locutus
658 1272 848 1304 ostenditur.
880 1272 957 1303 Mox
975 1271 1069 1303 variis
1085 1270 1226 1311 ejusdem
1247 1268 1320 1300 fidei

100 1323 268 1356 effectibus
281 1325 412 1367 prolatis
432 1326 465 1357 in
483 1326 643 1367 medium,
672 1327 750 1359 alios
767 1338 895 1370 quoque
919 1326 1088 1358 nonnullos
1111 1326 1196 1358 locos
1212 1323 1323 1356 eodem

100 1377 196 1409 modo
206 1379 374 1410 sumendos
388 1380 517 1422 probat·
1348 1387 1408 1418 ²27

59 1428 168 1461 Cnur
188 1431 254 1463 XI.
279 1432 374 1472 Quod
390 1434 537 1466 Christus
549 1435 674 1476 legatur
686 1434 766 1466 nihil
783 1445 799 1466 a
816 1444 848 1466 se
865 1434 951 1477 loqui
963 1458 970 1469 ,
988 1434 1049 1465 hoc
1067 1432 1268 1465 referendum
1285 1431 1325 1463 ad

100 1482 198 1525 ipsius
216 1484 460 1519 humanitatem.
489 1487 659 1526 Quomodo
674 1488 769 1520 etiam
787 1487 961 1520 secundum
983 1486 1192 1519 Divinitatem
1210 1484 1322 1517 audire

105 1546 142 1568 ac
154 1537 262 1570 videre
277 1539 405 1572 Patrem
420 1546 508 1572 recte
527 1541 662 1579 dicatur,
680 1541 835 1584 exposito,
855 1541 915 1573 Dei
935 1540 1052 1572 Filium
1069 1545 1245 1572 creaturam
1257 1549 1321 1570 non

101 1599 167 1622 esse
179 1591 288 1624 multis
299 1595 492 1626 coacervatis
509 1595 703 1637 argumentis
716 1596 846 1629 evincit.
1348 1594 1404 1624 23¹

55 1644 167 1677 Cnnr
190 1646 273 1679 XII.
301 1647 474 1691 Superiora
496 1649 665 1682 confirmat
680 1661 718 1681 ex
738 1650 890 1692 parabola
915 1650 1024 1682 divitis
1046 1649 1087 1681 ad
1109 1649 1317 1692 quaerendum

101 1698 162 1731 sibi
176 1710 309 1741 regnum
327 1701 557 1744 proficiscentis
569 1716 577 1739 ;
590 1703 795 1746 ostenditque
811 1714 881 1735 cum
896 1713 1027 1744 regnum
1045 1703 1149 1735 tradat
1168 1702 1254 1735 Patri
1267 1701 1324 1733 Fi·

98 1752 179 1790 lius,
200 1753 239 1785 ad
247 1755 471 1787 contumeliam
485 1767 549 1787 non
568 1757 801 1798 accipiendum,
818 1757 840 1789 si
856 1757 962 1789 omnia
976 1757 1049 1789 huic
1060 1756 1216 1797 subjicere
1231 1756 1326 1788 Pater

99 1806 234 1839 dicatur.
256 1808 320 1840 Nos
336 1809 387 1841 hic
401 1819 466 1841 esse
483 1810 605 1842 Christi
626 1821 757 1853 regnum
771 1834 780 1849 ,
807 1818 838 1843 et
860 1811 893 1842 in
909 1809 1030 1843 Christi
1056 1822 1172 1853 regum
1199 1810 1323 1842 futuros

100 1860 273 1903 aliquando
289 1862 320 1894 in
333 1873 432 1905 regno
446 1864 506 1895 Dei
517 1888 525 1900 ‚
539 1864 593 1896 ubi
610 1871 721 1907 regnat
732 1877 769 1897 ex
783 1876 875 1907 :equo
892 1871 958 1898 tota
974 1865 1130 1897 Trinitas·
1347 1874 1362 1894 2

57 1913 166 1946 Cnur
190 1916 296 1948 XIII.
323 1916 404 1956 Quae
423 1917 543 1950 Christi
557 1918 713 1960 subjectio
732 1919 787 1954 sit,
809 1919 1017 1958 quaesiturus,
1038 1919 1091 1950 ubi
1112 1917 1326 1959 subjectiones

101 1970 204 2001 varias
218 1971 382 2012 proposuit
400 1982 436 2002 ac
453 1972 575 2013 rejecit,
589 1973 809 2015 Apostolicum
828 1979 949 2006 textum
965 1973 1146 2016 percurrit:
1167 1972 1320 2004 undeim-

102 2021 187 2063 piam
201 2023 344 2065 explodit
360 2024 583 2057 haereticorum
595 2026 653 2058 hac
670 2026 709 2058 de
724 2037 758 2058 re
773 2026 970 2069 opinionem.
999 2026 1241 2068 Subjectionem
1254 2035 1325 2068 quae

94 2074 201 2107 sutura
211 2076 422 2117 significatur,
438 2078 626 2111 Divinitatis
640 2089 706 2111 esse
722 2090 786 2111 non
800 2090 910 2122 posse;
935 2090 1006 2111 cum
1032 2080 1116 2112 inter
1142 2079 1271 2110 Patrem
1291 2084 1324 2111 et

98 2130 214 2161 Filium
233 2132 405 2165 voluntatis
421 2144 544 2165 summa
560 2144 686 2176 semper
697 2133 796 2166 suerit
810 2134 988 2166 concordia.
1005 2134 1109 2167 Etiam
1123 2134 1226 2166 eidem
1241 2133 1324 2164 Filio

96 2185 272 2217 secundum
295 2186 504 2220 Divinitatem
518 2198 598 2220 vere
612 2188 718 2220 omnia
732 2188 874 2230 subjecta
884 2199 970 2227 esse,
984 2194 1016 2220 at
1034 2188 1176 2220 nondum
1185 2187 1325 2230 subjecta

100 2237 159 2270 hoc
172 2249 266 2271 sensu
280 2240 355 2279 dici,
374 2242 459 2284 quod
474 2243 542 2284 ejus
555 2243 714 2275 mandatis
729 2254 793 2275 non
809 2249 942 2286 pareant
958 2254 1066 2275 omnes
1079 2243 1224 2275 homines
1241 2254 1248 2273 ε
1268 2242 1320 2285 qui

96 2297 261 2335 postquam
276 2294 340 2327 illis
351 2294 470 2329 fuerint
483 2296 619 2333 subditi,
634 2302 701 2328 tum
717 2296 864 2329 Christus
881 2297 913 2328 in
929 2296 979 2328 his
995 2296 1196 2339 subjicietur,
1213 2301 1245 2329 et
1261 2297 1326 2329 Pa-

100 2345 156 2377 tris
172 2357 251 2389 opus
266 2349 447 2390 perfectum
465 2350 539 2383 erit.
1345 2352 1404 2394 257

58 2400 171 2432 CArnr
193 2402 289 2435 XIV.
313 2405 524 2447 Prosequitur
536 2411 672 2448 coeptam
686 2405 925 2444 difficultatem,
950 2411 982 2439 et
996 2406 1164 2440 Christum
1180 2417 1244 2439 non
1261 2407 1319 2439 nisi

100 2455 272 2488 secundum
286 2467 414 2490 carnem
428 2458 606 2501 subjectum
621 2459 732 2497 docet,
754 2460 806 2492 sed
823 2460 925 2502 ipsum
942 2460 1021 2492 dum
1037 2471 1132 2492 carne
1147 2461 1320 2504 subjicere-

102 2513 169 2547 tur,
181 2508 351 2550 praebuisse
366 2516 470 2544 tamen
486 2512 573 2555 signa
589 2513 782 2545 Divinitatis.
799 2513 990 2556 Repugnare
1005 2519 1039 2546 ut
1050 2514 1222 2546 secundum
1237 2514 1320 2545 hanc

103 2560 312 2603 subjiciatur;
330 2563 561 2598 humanitatem
579 2577 655 2599 vero
671 2577 767 2609 quam
788 2567 952 2610 adoptavit
967 2589 977 2606 ‚
1000 2567 1043 2599 ita
1057 2567 1089 2598 in
1103 2567 1196 2599 nobis
1217 2566 1324 2598 subdi-

101 2618 166 2646 tam
181 2625 246 2647 esse
259 2638 268 2654 ‚
294 2626 357 2659 quo
371 2623 464 2661 paeto
481 2619 512 2651 in
529 2620 640 2653 eadem
663 2621 732 2662 ejus
752 2620 950 2653 humanitate
974 2621 1132 2654 exaltatur
1148 2627 1178 2654 et
1196 2625 1317 2653 nostra.

1366 1863 1383 1894 ω

1386 1862 1406 1900 ,μ
