1768 3283
357 266 440 320 492
859 281 1193 309 amo-tarmus,

762 465 1005 494 ANNOTATIO
1042 452 1102 510 (2)
1137 468 1230 511 pag.
1271 470 1310 511 9.

415 625 724 681 Praecipuarum
747 623 952 666 haeresum
976 625 1017 666 in
1038 625 1286 667 Trinitatem
1309 627 1552 685 divinasque
1570 644 1707 686 perso-

357 711 431 737 nas
444 703 642 737 vauctores
665 704 872 736 memorat
895 696 1162 745 Ambrosius,
1195 697 1423 740 Sabellium
1439 731 1449 748 ,
1481 699 1708 743 Photinum

359 776 481 822 atque
518 766 701 808 Arrium.
739 766 927 815 Primus,
961 767 1142 808 Eusebio
1173 775 1274 809 teste
1307 769 1378 810 lib.
1411 785 1491 817 vu,
1527 769 1706 819 Hister..

360 851 449 894 cap.
476 852 537 884 vr,
563 852 725 878 errores
745 837 1004 879 Ptolemaide
1035 837 1075 879 in
1114 838 1218 879 urbe
1243 838 1518 896 Pentapoleos
1542 840 1712 883 circiter

360 923 516 950 annum
542 910 640 965 257,
664 923 857 965 spargere
882 908 1021 965 coepit.
1045 908 1236 950 Docebat
1255 917 1395 950 autem
1416 909 1455 951 in
1477 911 1566 952 Deo
1584 926 1711 953 unam

360 986 523 1019 tantum
542 993 631 1019 esse
649 993 895 1035 personam.
913 981 986 1020 sed
1009 978 1142 1020 tribus
1163 979 1334 1020 diversis
1356 980 1599 1022 nominibus
1620 995 1712 1022 eam

362 1047 524 1096 efferri,
545 1056 591 1088 ut
618 1057 809 1090 auctores
825 1056 921 1090 sunt
944 1048 1201 1104 Epiphanius
1219 1048 1392 1090 Hoeresi
1423 1050 1490 1090 62.
1518 1049 1712 1097 Basilius,

362 1126 480 1174 epist.
509 1118 578 1169 64.
611 1118 854 1160 Philastrius
869 1151 879 1166 ,
900 1117 1180 1175 Augustinus,
1201 1125 1325 1173 atque
1343 1117 1424 1160 alii.
1450 1118 1650 1161 Photinus
1666 1133 1717 1160 ex

363 1188 522 1230 Galatia
555 1188 768 1245 provincia
800 1196 921 1230 natus
954 1188 1220 1230 Sirmicensis
1247 1188 1384 1230 factus
1416 1197 1479 1231 est
1495 1189 1716 1247 episcopus

363 1261 722 1317 quemadmodum
755 1275 775 1301 a
806 1260 925 1302 nobis
949 1260 990 1301 in
1023 1259 1093 1302 lib.
1127 1273 1165 1310 v,
1194 1258 1432 1302 Comment.
1457 1261 1506 1300 in
1523 1261 1714 1311 Lucam,

364 1346 479 1374 num.
508 1334 559 1384 4,
586 1340 776 1374 notatum
803 1332 896 1374 fuit.
923 1332 960 1374 Is
984 1346 1083 1374 cum
1108 1331 1345 1373 doctrinam
1364 1339 1405 1373 et
1432 1331 1717 1388 eloquentiam

366 1404 619 1461 singularem
647 1404 724 1446 sibi
750 1410 1055 1461 comparasset,
1084 1416 1190 1444 nova
1217 1403 1411 1459 dogmata
1453 1401 1624 1459 vulgare
1646 1417 1719 1460 ag-

368 1489 533 1531 gressus
564 1483 626 1516 est
656 1489 766 1516 anno
795 1473 963 1516 circiter
995 1473 1094 1524 545.
1128 1472 1317 1529 Negabat
1343 1487 1469 1530 porro
1505 1472 1719 1515 Christum

367 1545 494 1589 Maria
523 1545 705 1602 priorem
729 1544 935 1592 extitisse,
960 1558 1011 1586 ex
1033 1558 1113 1599 qua
1140 1550 1182 1584 et
1202 1541 1387 1599 Josepho
1410 1543 1545 1600 ipsum
1570 1543 1722 1601 conju-

368 1615 446 1671 gali
464 1629 691 1671 congressu
707 1647 717 1662 ,
744 1622 789 1655 ut
812 1612 966 1656 Marius
986 1612 1195 1654 Mercator
1218 1611 1427 1668 prodidit,
1452 1621 1599 1655 natum
1614 1613 1722 1655 hlas-

370 1685 610 1742 phemabat.
651 1685 771 1726 Unde
794 1699 891 1726 cum
913 1683 982 1725 hic
1001 1683 1113 1740 apud
1135 1682 1406 1725 Ambrosium
1431 1683 1635 1725 Photinus
1655 1698 1724 1725 re-

370 1754 503 1796 scrtur
525 1755 664 1797 dicere
702 1754 778 1796 Dei
805 1753 959 1796 Filium
987 1768 1041 1794 ecc
1067 1751 1258 1809 Virgine
1280 1761 1419 1794 ortum
1447 1753 1607 1811 cepisse
1625 1786 1634 1800 .
1654 1761 1725 1795 aut

370 1840 424 1867 εκ
445 1826 592 1866 Maria
621 1825 806 1883 Virgine
830 1825 941 1881 apud
969 1823 1278 1881 Epiphaniam,
1318 1824 1359 1865 id
1393 1839 1467 1881 per
1497 1825 1724 1880 quamdam

372 1895 585 1937 licentiam
604 1894 898 1952 accipiendum
920 1901 1060 1942 est,ut
1079 1908 1176 1935 cum
1191 1892 1402 1949 Virgilius,
1426 1893 1515 1951 Egl.
1546 1894 1586 1935 6.
1611 1893 1726 1936 Pasi-

375 1966 512 2023 phae'n
550 1966 678 2008 trium
714 1966 945 2008 liberorum
985 1973 1201 2022 parentem
1233 1964 1435 2022 virginem
1474 1973 1623 2016 vocat,
1657 1972 1728 2006 aut

374 2036 512 2078 verius
544 2051 620 2093 per
651 2035 1005 2083 antonomasiam,
1041 2043 1086 2077 ut
1113 2033 1221 2077 soliti
1248 2034 1428 2076 nominis
1450 2034 1612 2077 honore
1642 2050 1728 2077 non

375 2107 575 2164 privetur.
602 2107 730 2150 Addit
755 2115 895 2149 autem
917 2106 1175 2164 Epiphanius
1207 2106 1457 2154 Photinum,
1482 2121 1579 2148 cum
1602 2121 1729 2163 urge-

376 2186 508 2224 retur,
533 2178 673 2220 dicere
698 2178 866 2221 solitum
891 2193 900 2219 :
926 2177 1042 2219 Erat
1065 2177 1113 2218 in
1131 2178 1264 2218 Patre
1287 2177 1482 2218 Verbum
1499 2211 1509 2226 ‚
1527 2178 1603 2219 sed
1622 2192 1731 2218 non·

378 2249 483 2290 dum
509 2259 601 2291 erat
636 2249 785 2291 Filius
790 2280 874 2291 .....
915 2247 1029 2303 quod
1059 2247 1181 2304 silius
1211 2263 1301 2289 non
1332 2248 1556 2296 existeret,
1588 2247 1662 2289 sed
1683 2248 1731 2298 id

378 2318 523 2375 ipsum
548 2318 689 2359 solum
706 2351 715 2365 ‚
747 2320 820 2360 εαί
845 2318 936 2375 ficii
961 2332 1122 2358 nomen
1144 2327 1238 2358 erat
1266 2317 1510 2372 aliquando
1533 2310 1732 2358 tribueba-

379 2387 486 2428 dum
502 2420 512 2435 ,
534 2395 614 2429 etc.
639 2388 803 2439 Quibus
827 2388 994 2444 quidem
1025 2387 1190 2429 videtur
1212 2385 1339 2429 Verbi
1357 2386 1633 2428 aeternitatem
1656 2385 1731 2427 Di-

378 2457 680 2514 vinitatemque
698 2473 782 2499 non
801 2474 967 2515 negare.
990 2458 1092 2499 Inde
1115 2466 1177 2499 est
1199 2457 1373 2499 fortasse
1397 2458 1510 2513 quod
1531 2455 1730 2512 Augusti-

381 2542 476 2575 nus,
491 2528 728 2579 Haere5144‚
743 2543 839 2570 cnm
854 2528 1022 2571 dixisset
1040 2527 1263 2570 Photinum
1286 2527 1414 2569 Paulo
1431 2525 1589 2569 Samos.
1609 2540 1630 2567 a
1649 2539 1732 2582 quo

382 2596 545 2642 init-ium
560 2598 952 2657 Christoexvirgine
965 2598 1251 2647 tribuebatur,
1274 2597 1444 2640 similia
1473 2595 1730 2644 credidisse.
