1768 3283
351 345 402 371 DE
436 342 596 370 spnuTu
631 341 809 373 smero,
847 342 925 369 mn.
963 342 1022 369 ιιι.
1301 331 1378 377 421

18 424 179 480 Moyses
203 454 214 470 ,
245 430 286 464 et
308 420 419 462 idem
451 429 593 462 tamen
614 420 843 461 Dominum
873 437 891 461 a
926 420 1108 462 Domino
1131 419 1283 475 pluisse
1298 434 1380 460 me-

18 491 242 534 moravst’.
286 492 511 548 Apostolus
543 505 711 546 quoque
750 505 797 531 τα
825 491 904 532 Det
926 523 935 536 ,
975 489 1132 545 inquit,
1173 489 1379 530 Dominus

19 581 34 602 n
50 561 384 604 misericordiam
408 561 594 602 invenire
609 577 629 602 a
647 559 893 602 Domino2.»
908 560 1110 601 Dominus
1131 559 1238 615 pluit
1261 574 1281 600 a
1301 558 1378 599 Do-

21 632 160 680 mino,
189 631 392 673 Dominus
417 632 487 672 dat
515 646 536 672 a
570 631 751 672 Domino
775 631 1108 672 misericordiam
1139 645 1146 669 ε
1173 629 1378 670 Dominus

22 716 103 743 nec
127 701 184 742 ibi
212 702 480 748 discernitur,
514 701 584 742 ubi
606 701 713 757 pluit
735 715 754 741 a
775 701 982 747 Domino;
1010 715 1088 741 nec
1120 700 1188 741 hic
1212 714 1378 755 separa-

24 779 106 818 tur,
134 770 205 811 ubi
225 769 447 811 miseretur
471 786 489 811 a
511 770 692 811 Domino
711 802 720 817 ,
756 771 829 811 sed
852 778 1034 824 utroque
1064 769 1105 810 in
1126 770 1221 810 loco
1245 768 1383 809 unitas

28 840 324 883 dominationis
343 841 602 897 exprimitur.

80 910 225 952 CVIII.
266 911 312 951 In
330 909 503 952 Psalmis
525 924 693 965 qnoque
718 909 847 951 habes
874 923 882 949 :
910 908 1053 950 «Dixit
1074 907 1277 950 Dominus
1300 908 1380 950 Do-

23 999 38 1020 »
55 981 166 1022 mino
188 995 282 1021 meo
301 980 329 1021 ³.
359 998 373 1018 n
402 979 488 1022 Nee
512 980 606 1020 ideo
627 980 792 1021 Patrem
818 995 940 1020 suum
959 979 1186 1020 Dominum
1207 979 1385 1034 denega-

23 1050 102 1098 vit,
144 1049 240 1105 quia
271 1049 425 1091 Filium
460 1049 688 1090 Dominum
716 1065 838 1090 suum
872 1065 960 1090 esse
993 1048 1273 1089 memoravit:
1304 1047 1374 1088 sed

22 1121 114 1162 ideo
144 1120 298 1162 Filium
336 1120 564 1161 Dominum
609 1134 731 1160 suum
767 1120 892 1167 dixit,
927 1135 978 1160 ne
1015 1119 1207 1161 crederes
1238 1117 1372 1160 filium

21 1190 239 1247 Prophetae
263 1190 413 1237 fuisse,
440 1189 513 1231 sed
533 1190 761 1232 Dominum
787 1205 798 1231 e
821 1191 933 1246 quod
967 1191 1005 1230 in
1033 1189 1257 1246 Evangelio
1291 1189 1377 1245 ipse

24 1259 230 1300 Dominus
269 1259 550 1300 manifestavit
578 1260 722 1301 dicens
744 1275 752 1300 ε
779 1279 792 1298 u
811 1259 852 1300 Si
877 1260 989 1300 enim
1006 1259 1137 1300 David
1158 1259 1198 1299 in
1222 1258 1381 1314 Spiritu

24 1338 174 1371 »vocat
212 1345 309 1371 eum
343 1330 604 1378 Dominum,
646 1331 859 1386 quomodo
894 1329 1003 1371 filius
1036 1329 1126 1385 ejus
1166 1328 1312 1369 estwen
1336 1329 1383 1369 In

24 1400 180 1457 Spiritu
209 1400 310 1442 dicit
341 1400 475 1441 David
500 1400 752 1447 Dominum,
778 1414 861 1440 non
898 1399 1076 1456 Spiritus
1101 1398 1218 1439 dicit.
1245 1397 1330 1438 Aut
1350 1398 1383 1438 si

24 1470 122 1511 hinc
149 1470 477 1517 calumniantur,
504 1470 599 1525 quia
622 1470 851 1511 Dominum
874 1468 1052 1525 Spiritus
1072 1468 1190 1515 dixit,
1212 1482 1382 1509 necesse

24 1549 85 1582 est
108 1540 196 1597 pari
219 1540 438 1596 sacrilegio
459 1539 610 1581 Filium
634 1539 710 1581 Dei
733 1539 859 1580 etiam
879 1539 1056 1595 Spiritus
1081 1538 1212 1579 sancti
1231 1538 1383 1579 Filium

25 1612 246 1653 videantur
271 1625 466 1651 asserere.

0 1725 1 1728 Ἴ
84 1680 192 1722 CIX.
231 1681 339 1737 Ergo
358 1680 718 1736 quemadmodum
739 1680 843 1720 duos
865 1693 946 1719 non
965 1678 1145 1719 dicimus
1167 1678 1381 1726 dominos,

0 1742 2 1807 l
27 1764 122 1791 cum
146 1758 188 1791 et
207 1750 372 1790 Patrem
400 1757 442 1790 et
463 1750 617 1790 Filium
643 1749 934 1805 designamus;
963 1749 1015 1788 ita
1039 1762 1115 1788 nec
1141 1756 1222 1788 tres
1245 1746 1383 1788 domi-

0 1815 2 1883 ᾗ
27 1833 100 1860 nos
123 1818 324 1867 dicimus,
355 1833 451 1860 cum
475 1819 702 1860 Dominum
732 1817 938 1874 Spiritum
969 1817 1237 1859 confitemur.
1267 1816 1385 1858 Sicut

27 1890 137 1930 enim
169 1889 431 1945 sacrilegium
460 1897 521 1929 est
552 1896 634 1930 tres
663 1888 857 1929 dominos
893 1895 963 1928 aut
996 1887 1094 1928 deos
1132 1887 1297 1933 dicere,
1328 1886 1381 1927 ita

26 1960 152 2001 etiam
175 1958 255 1999 hoc
278 1961 450 2015 plenum
476 1958 681 2015 sacrilegii
709 1966 794 2005 est,
833 1957 937 1998 duos
968 1957 1160 1998 dominos
1185 1964 1255 1997 aut
1285 1957 1382 1997 deos

27 2031 192 2078 dicere3
218 2032 313 2087 quia
337 2046 444 2071 unus
466 2030 603 2078 Deus,
628 2045 736 2070 unus
766 2029 995 2075 Dominus,
1028 2043 1134 2069 unns
1167 2036 1229 2068 est
1256 2026 1387 2084 Spiri-

31 2111 94 2145 tus
122 2111 288 2143 sanctus
317 2117 324 2142 :
357 2110 398 2143 et
428 2101 499 2157 qui
531 2101 669 2148 Deus,
703 2101 908 2142 Dominus
933 2116 941 2139 ε
974 2108 1015 2140 et
1043 2099 1112 2155 qui
1145 2099 1380 2143 Dominus,

29 2172 165 2220 Deus;
190 2172 285 2228 quia
311 2180 352 2213 ct
375 2172 415 2212 in
445 2171 731 2213 dominatione
759 2170 984 2216 Divinitas,
1010 2177 1050 2210 et
1082 2170 1122 2210 in
1155 2168 1382 2209 Divinitato

32 2240 268 2282 dominatus
287 2249 360 2282 est.

0 2298 1 2307 ἵ
91 2310 179 2353 CX.
216 2311 406 2366 Denique
438 2318 479 2351 et
505 2310 733 2351 Dominum
763 2318 803 2350 et
844 2309 980 2350 Deum
1016 2309 1151 2366 legisti
1183 2309 1381 2350 Patrem:

2 2385 3 2391 ’
36 2376 59 2418 ἀ
82 2380 371 2422 domineDeus
394 2395 511 2422 meus
528 2381 1035 2428 ,clamaboadte‚exaudi
1058 2379 1168 2421 me⁵.
1190 2399 1204 2416 »
1229 2379 1279 2419 Et
1296 2380 1383 2419 Do—

2 2463 3 2469 *
34 2450 194 2492 minum
218 2458 260 2491 et
280 2451 414 2492 Deum
439 2450 567 2492 habes
584 2450 760 2498 Filium,
788 2450 896 2491 sicut
919 2450 956 2490 in
977 2449 1202 2504 Evangelio
1225 2448 1382 2503 legisti,

36 2519 130 2575 quia
157 2534 253 2561 cum
278 2520 478 2576 tetigisset
493 2520 674 2562 Thomas
699 2521 805 2561 latus
832 2519 1012 2566 Christi,
1042 2519 1124 2559 ait:
1150 2517 1384 2559 «Dominus

84 2631 91 2645 ¹
113 2623 197 2654 Gen.
228 2633 296 2661 xix,
324 2623 372 2659 14.
403 2640 442 2646 —-
473 2629 485 2643 ⁸
513 2634 530 2653 2
561 2623 651 2655 Tim.
679 2633 702 2662 1,
735 2623 782 2654 ιὸ.
811 2641 848 2646 -
880 2624 892 2645 3
922 2622 1005 2654 Psat.
1034 2632 1098 2656 cix,
1131 2631 1206 2652 ι.-·
1234 2620 1387 2652 ⁴Maul1.

37 2686 101 2708 xm
118 2699 126 2714 ‚
143 2676 193 2714 45.
218 2693 256 2700 -
276 2679 288 2699 ⁵
309 2676 389 2708 Psal.
409 2686 482 2713 cu,
503 2687 530 2708 1.
