1768 3283
348 327 428 373 522
936 354 1071 381 isnnx.

393 431 488 459 ventu
502 437 558 460 suo
572 429 729 468 tonitrua,
746 430 778 464 id
795 437 864 470 est,
883 432 1051 466 verborum
1070 433 1250 464 divinorum
1268 432 1331 464 vim
1348 431 1537 466 firmavisse:
1553 438 1611 472 net*

392 480 550 523 Spiritum
578 492 683 518 autem
709 486 882 520 humanum
903 488 1039 521 animam
1076 486 1261 528 significari,
1286 487 1365 520 sicut
1389 494 1420 520 et
1443 498 1570 520 carnem
1592 498 1609 520 a

392 536 525 572 Christo
542 548 729 583 susceptam.
748 543 852 585 Hujus
865 554 960 586 porro
972 554 1042 575 cum
1052 541 1200 585 quaelihet
1211 541 1378 574 Trinitatis
1390 552 1520 585 persona
1533 551 1607 573 vere

389 590 430 624 sit
446 595 582 626 creatrix
596 617 605 634 ‚
624 596 698 628 inde
712 599 866 630 astruitur
889 597 1042 640 Spiritum
1062 597 1208 629 similiter
1232 596 1460 629 incarnationis
1479 596 1608 628 Domini

389 653 551 681 auctorem
574 661 657 682 esse.
677 652 729 693 qui
749 663 854 684 rerum
868 653 1010 684 omnium
1023 657 1146 684 creator
1160 653 1225 694 jam
1241 658 1315 683 ante
1332 657 1469 684 assertus
1480 657 1538 683 est.
1632 650 1693 687 343

346 697 459 732 Gne-r
481 701 557 733 v11.
585 704 766 737 Creationis
783 706 933 748 spiritalis
951 717 1007 737 seu
1027 704 1275 746 regenerationis
1295 715 1358 736 non
1377 704 1479 736 minus
1495 710 1610 737 ancto-

389 763 456 785 rem
477 755 632 798 Spiritum
657 769 738 795 esse,
767 770 864 802 quam
880 760 1005 792 Patrem
1026 770 1061 791 ac
1086 759 1216 791 Filium.
1247 759 1286 790 In
1305 769 1368 801 quo
1383 757 1532 790 consistat
1554 758 1608 790 itta

385 809 524 848 creatio,
550 812 679 855 ejusque
712 814 892 856 praestantia
916 825 924 845 :
951 819 982 846 et
999 813 1160 857 quomodo
1182 812 1266 855 quod
1291 811 1433 844 membra
1452 817 1484 844 et
1499 821 1612 854 corpus

388 859 458 892 Deo
473 862 615 897 tribuere
632 865 781 898 videntur
797 867 876 899 sacri
894 867 1035 906 codices,
1055 867 1192 899 debeant
1210 865 1355 907 intelligi.
1632 863 1695 903 548

344 910 456 945 Cum·
473 915 574 949 vul.
601 918 767 961 Argutiam
786 920 1008 953 haereticorum
1032 921 1085 962 qui
1113 921 1216 951 Deum
1234 919 1353 951 idcirco
1371 917 1562 952 dictitabant
1577 919 1611 950 a'n

389 968 516 1009 Spiritu
533 994 542 1009 ‚
572 983 635 1004 non
659 980 764 1006 autem
789 986 858 1006 cum
879 975 1004 1015 Spiritu
1028 973 1266 1015 glorificandum
1280 995 1290 1012 ,
1314 978 1349 1006 ut
1368 972 1443 1005 hinc
1462 973 1610 1005 eumdem

391 1021 547 1063 Spiritum
563 1036 629 1057 esse
648 1027 833 1059 inferiorem
852 1028 1037 1069 colligerent
1053 1052 1060 1063 ,
1080 1027 1186 1062 diluit;
1202 1026 1409 1068 quamobrem
1424 1026 1612 1068 particulam

388 1075 421 1106 in
441 1077 537 1109 etiam
556 1079 658 1117 Filio,
678 1081 742 1112 imo
756 1086 788 1113 et
806 1082 894 1113 Patri
911 1092 1039 1124 quoque
1056 1081 1159 1123 aptari
1181 1081 1310 1123 planum
1327 1080 1403 1112 facit
1423 1091 1431 1111 :
1455 1086 1487 1112 at
1503 1091 1520 1113 e
1533 1091 1610 1113 con·

385 1131 485 1164 trario
499 1143 571 1164 cum
589 1135 741 1167 creaturis
754 1135 850 1167 etiam
871 1135 1001 1168 attribui
1014 1135 1081 1167 sine
1099 1134 1161 1166 ulla
1181 1134 1365 1166 Divinitatis
1383 1133 1498 1176 injuria
1512 1144 1521 1171 3
1537 1145 1612 1176 pto-

387 1181 529 1227 indeque
544 1186 573 1217 in
591 1186 702 1219 iisdem
719 1188 998 1230 praepositionibus
1024 1188 1214 1230 simpliciter
1239 1187 1468 1229 agnoscendam
1488 1187 1611 1221 dinina-

383 1246 453 1268 rum
470 1249 679 1279 personarum
693 1243 966 1284 conjunctionem.
1629 1243 1686 1275 351

346 1288 461 1322 Caro-r
478 1292 540 1324 IX.
567 1294 789 1337 Apostolicum
804 1296 909 1328 Iocum
923 1307 987 1339 quo
1001 1295 1143 1328 baerctici
1155 1319 1164 1336 ‚
1185 1301 1218 1327 ut
1236 1295 1404 1329 discrimen
1421 1296 1608 1330 inducerent

387 1345 475 1377 inter
488 1357 640 1388 personas
653 1350 774 1382 divinas
787 1374 796 1390 ,
812 1350 1040 1387 abutebantur,
1059 1350 1192 1392 exponit
1208 1361 1216 1392 ς
1231 1356 1261 1382 et
1279 1351 1437 1383 declarata
1456 1351 1615 1385 haereticae

392 1398 667 1443 interpretationis
685 1404 849 1447 impietate
862 1430 869 1442 ,
887 1405 1025 1438 ostendit
1038 1405 1142 1437 locum
1153 1405 1321 1446 jutegrum
1338 1405 1377 1436 de
1391 1405 1520 1446 singulis
1535 1416 1612 1448 per-

385 1454 468 1486 sonis
482 1462 568 1489 recte
585 1458 645 1490 dici
676 1470 779 1501 posse,
797 1471 890 1502 quem
908 1466 1012 1492 tamen
1032 1459 1160 1502 proprie
1177 1460 1215 1490 ad
1241 1459 1356 1492 Filium
1375 1462 1536 1502 pertinere
1552 1472 1604 1494 az-

391 1508 471 1541 truit
491 1522 499 1541 :
518 1518 677 1552 postremo
694 1513 778 1556 quod
799 1513 1012 1545 affirmaverat
1028 1513 1133 1544 omnia
1150 1513 1289 1555 ejusdem
1305 1514 1362 1544 loci
1382 1514 1522 1545 membra
1540 1513 1610 1546 uni-

388 1563 503 1605 cuique
519 1576 664 1607 personae
679 1569 872 1607 convenire,
894 1568 1001 1600 multis
1019 1567 1185 1600 confirmat
1203 1568 1390 1609 testimoniis
1410 1580 1418 1599 :
1436 1575 1467 1600 et
1483 1579 1522 1601 eo
1542 1569 1611 1611 ipso

388 1620 472 1660 quod
489 1620 574 1652 Patri
592 1623 765 1663 competit,
783 1628 818 1654 iit
836 1622 962 1653 dicatur
985 1632 1027 1652 ex
1047 1622 1099 1652 illo
1122 1621 1246 1658 omnia,
1269 1621 1372 1653 eidem
1397 1621 1492 1654 etiam
1512 1622 1608 1655 uibui

385 1685 475 1716 posse
492 1686 548 1714 por
573 1676 663 1707 illum
680 1683 708 1708 et
725 1677 756 1708 in
771 1678 826 1708 illo
838 1676 944 1708 omnia
961 1677 1038 1708 scite
1052 1675 1183 1717 colligit.
1632 1677 1697 1717 355

341 1728 450 1760 cim
470 1729 516 1760 X.
542 1729 740 1762 Probaturus
769 1741 861 1762 unam
889 1729 1057 1761 Trinitatis
1082 1739 1148 1761 esse
1168 1728 1385 1766 voluntatem,
1411 1729 1611 1762 vocationem

385 1788 481 1825 atque
493 1784 666 1825 jussionem
681 1807 689 1820 ‚
707 1786 799 1817 docet
815 1796 878 1816 non
898 1795 988 1816 secus
999 1794 1035 1815 ac
1051 1783 1147 1816 Pater
1166 1788 1197 1815 et
1217 1784 1314 1814 Filius
1330 1784 1504 1823 Ecclesiam
1518 1795 1610 1817 voca-

385 1843 482 1873 runt,
501 1839 543 1870 ita
562 1845 593 1871 et
608 1840 764 1882 Spiritum
781 1850 850 1871 eam
869 1849 995 1871 vocasse
1013 1850 1021 1868 ε
1043 1838 1138 1880 idque
1154 1848 1192 1868 ex
1208 1838 1362 1868 electione
1380 1838 1467 1870 Pauli
1483 1844 1516 1871 et
1531 1839 1610 1872 Bar-

383 1890 476 1925 nabae
487 1892 648 1932 ostendit,
663 1894 718 1925 sed
730 1894 931 1936 potissimum
946 1903 983 1924 ex
997 1891 1144 1923 missione
1160 1890 1246 1922 Petri
1261 1891 1298 1929 aii
1316 1891 1519 1924 Cornelium.
1544 1893 1608 1925 Hie

387 1944 492 1976 obiter
509 1945 649 1987 ejusdem
667 1947 808 1988 Spiritus
824 1951 988 1988 potestate,
1005 1955 1040 1976 ac
1058 1945 1140 1975 trina
1154 1944 1240 1975 Petri
1255 1943 1450 1976 confessione
1462 1946 1614 1987 perstric-

387 1997 447 2036 tis,
464 1998 496 2030 in
510 2000 650 2040 ejusdem
668 2000 814 2039 Apostoli
832 2000 951 2032 visione
968 1998 1189 2030 adumbratam
1205 1998 1295 2030 fuisse
1309 1998 1447 2030 declarat
1468 1999 1610 2031 vocatio-

388 2062 460 2084 nem
478 2053 639 2094 gentium,
667 2065 736 2096 quae
752 2065 822 2085 cum
842 2055 928 2095 prius
953 2053 1090 2084 serarum
1118 2052 1235 2083 similes
1254 2053 1452 2092 extitissent,
1472 2053 1612 2094 Spiritus

387 2115 483 2146 opera
505 2106 678 2148 &posuere
688 2107 861 2138 feritatem.
875 2108 960 2138 Tum
976 2106 1028 2138 ubi
1041 2107 1204 2148 superiora
1222 2116 1258 2137 ex
1277 2106 1339 2136 aliu
1356 2105 1425 2137 loco
1442 2107 1612 2146 stabilivit,

388 2159 419 2189 in
435 2160 574 2192 Jeremia
593 2161 624 2192 in
638 2162 740 2192 lacum
761 2173 776 2192 a
794 2161 917 2192 Judaeis
937 2161 1072 2192 demisso
1090 2185 1096 2195 ,
1120 2166 1151 2192 et
1170 2160 1241 2190 iiidi-
1255 2160 1372 2191 educto
1389 2159 1429 2191 ab
1452 2160 1613 2193 Abdeme-

384 2211 453 2244 lech
465 2235 474 2250 ‚
499 2214 637 2256 Spiritus
653 2215 752 2246 sancti
772 2215 812 2246 ab
832 2215 941 2246 iisdem
956 2214 1079 2246 Judaeis
1095 2214 1290 2255 contemptui
1308 2214 1422 2252 habiti,
1438 2220 1494 2246 eta
1509 2225 1536 2255 gi
1548 2214 1613 2247 nti-

391 2269 450 2299 bns
472 2279 548 2310 quas
564 2270 729 2301 mundavit.
745 2292 754 2307 ‚
780 2269 926 2301 honorati
944 2269 1120 2312 symbolum
1141 2268 1298 2306 praeivisse
1312 2268 1523 2300 demonstrat.
1634 2268 1693 2300 361

342 2324 456 2356 Cncr
475 2324 540 2356 XI.
559 2324 746 2356 Imitaturos
761 2334 818 2356 nos
837 2322 1052 2355 Abdemelech
1069 2346 1077 2360 ‚
1094 2322 1119 2354 si
1136 2321 1300 2353 credamus
1326 2321 1443 2353 Filium
1462 2327 1494 2354 et.
1510 2322 1612 2366 Spiri-

387 2384 454 2410 tum
469 2384 612 2410 sanctum
629 2378 735 2408 omnia
753 2387 952 2419 cognoscere.
972 2376 1105 2418 Spiritui
1130 2375 1345 2417 cognitionem
1359 2375 1441 2407 hanc
1454 2376 1552 2408 tribui
1579 2377 1610 2408 in

386 2431 574 2474 ScripturiS.
587 2430 671 2463 Filio
685 2441 812 2473 quoque
825 2430 969 2471 eamdem
985 2429 1130 2461 attribui.
1149 2429 1263 2460 Filium
1275 2429 1426 2471 aspiritu
1434 2429 1612 2469 clarificari,

386 2485 469 2518 sicut
484 2491 516 2518 et
530 2495 548 2517 a
566 2485 649 2517 Filio
663 2485 820 2526 Spiritum
834 2495 841 2519 ;
855 2484 930 2516 item
944 2494 980 2516 ex
998 2494 1038 2514 eo
1054 2483 1138 2526 quod
1156 2483 1296 2525 Patrem,
1313 2482 1429 2526 Filium
1438 2490 1532 2526 atque
1549 2484 1618 2525 Spi-

384 2540 482 2569 ritum
495 2539 636 2576 legamus
653 2539 762 2571 eadem
781 2539 868 2581 loqui
887 2560 897 2576 ‚
914 2549 950 2570 ac
963 2538 1102 2581 revelare
1115 2562 1122 2572 .
1139 2537 1295 2577 unitatem
1313 2537 1344 2568 in
1362 2539 1438 2580 ipsis
1448 2544 1570 2573 naturae
1582 2545 1614 2572 ct

383 2592 522 2623 scientiae
545 2593 791 2638 agnoscendam-3
812 2592 951 2637 ,denique
976 2592 1060 2638 quod
1078 2594 1142 2630 alla
1165 2592 1224 2625 Dei
1247 2598 1411 2631 scrutatur
1449 2591 1608 2636 Spiritus,

390 2646 578 2686 ignorantiae
594 2658 655 2677 nun
674 2657 738 2678 esse
755 2658 762 2680 :
777 2658 847 2679 curn
865 2647 957 2680 Pater
971 2652 1001 2679 et
1018 2646 1117 2678 Filius
1128 2646 1221 2678 etiam
1239 2646 1386 2678 dicantur
1401 2652 1605 2684 scrutatores,

1766 256 1768 265 t

1766 269 1768 283 A

1766 294 1768 301 ⁴

1766 309 1768 321 t

1766 336 1768 344 A

1766 345 1768 355 i

1766 385 1768 392 ι

1766 425 1768 432 t
