1768 3283
353 347 436 396 244
896 352 927 378 s.
968 351 1157 380 ammosu

348 434 530 490 denique
556 432 618 474 sol
639 429 811 486 refugit,
841 436 949 470 terra
973 426 1256 473 contremuit,
1287 424 1583 467 conticuerunt
1609 423 1696 467 An·

346 505 469 564 geli¹.
494 503 624 559 Cujus
647 502 772 558 igitur
795 499 1029 556 passionem
1052 499 1258 540 elementa
1277 497 1419 539 videre
1441 497 1694 544 timuerunt,

349 575 476 631 hujus
500 571 813 630 generationem
843 569 982 610 videre
1007 566 1268 625 potuerunt?
1288 566 1338 607 Et
1361 566 1400 607 in
1428 581 1510 622 quo
1536 564 1700 620 subjec·

350 645 507 686 tionem
533 640 718 697 corporis
737 654 820 680 non
847 639 1057 686 tulerunt,
1080 637 1119 678 in
1143 651 1193 678 eo
1212 635 1520 692 subjectionem
1544 643 1701 676 natura:

351 711 600 754 venerabilis
632 708 932 751 sustinebunt?

412 779 618 825 CLXXV.
655 780 740 822 Sed
767 794 864 821 cum
897 778 1019 819 unius
1054 786 1213 819 naturae
1249 777 1330 818 sint
1356 775 1480 818 Pater
1510 784 1551 818 ct
1574 775 1702 817 Filius

354 863 397 897 et
414 852 592 909 Spiritus
615 858 806 897 sanetus,
826 849 972 905 utique
992 862 1073 889 non
1093 848 1172 888 erit
1189 847 1309 888 Pater
1328 846 1404 887 sibi
1424 846 1510 903 ipse
1532 844 1705 902 subJec-
1741 860 1746 863 ·

353 933 435 966 tus.
463 922 515 963 Et
537 921 631 963 ideo
658 935 741 961 non
769 919 848 960 erit
871 918 911 959 in
936 933 984 959 eo
1009 916 1226 972 subjectus
1248 916 1376 957 Filius
1393 948 1402 963 ‚
1431 915 1473 956 in
1498 929 1581 971 quo
1607 929 1705 956 cum

351 995 475 1037 Patre
502 1006 634 1033 unum
661 997 748 1037 est;
776 1003 828 1029 ne
854 1003 925 1043 per
959 984 1164 1028 unitatem
1191 984 1428 1027 Divinitatis
1454 984 1645 1026 videatur
1665 990 1707 1024 et

351 1065 474 1108 Pater
493 1062 596 1104 Filio
612 1075 701 1102 esse
719 1059 949 1114 subjectus.
974 1057 1082 1114 Ergo
1105 1058 1214 1098 sicut
1232 1056 1272 1097 in
1297 1056 1364 1097 illa
1385 1070 1511 1096 cruce
1528 1069 1612 1096 non
1632 1053 1707 1096 Di-

354 1133 536 1176 vinitatis
564 1130 802 1188 plenitudo,
828 1129 900 1170 sed
923 1136 1064 1169 nostra
1094 1126 1289 1183 fragilitas
1314 1134 1404 1167 erat
1425 1125 1591 1167 subdita
1619 1139 1629 1166 t
1654 1124 1709 1167 ita

354 1204 479 1246 etiam
504 1210 646 1260 postca
674 1198 890 1255 subjectus
908 1198 985 1239 erit
1007 1197 1137 1238 Filius
1159 1197 1295 1244 Patri,
1324 1197 1363 1237 in
1389 1205 1539 1238 nostrae
1564 1195 1710 1252 utique
1766 1200 1768 1223 ²

353 1273 675 1333 participatione
693 1279 875 1317 naturae;
901 1278 946 1310 ut
970 1268 1171 1324 subjectis
1197 1267 1333 1309 carnis
1357 1267 1568 1309 illecebris
1586 1299 1597 1315 ,
1625 1281 1710 1308 non
1766 1299 1768 1313 ,

355 1343 507 1387 divitiae
522 1343 605 1384 sint
620 1340 736 1382 cordi
751 1372 761 1388 ,
776 1355 871 1380 ‚non
897 1338 1068 1379 ambitio
1086 1370 1096 1386 ,
1121 1353 1205 1379 non
1233 1338 1424 1394 voluptas
1446 1351 1456 1378 t
1477 1337 1550 1378 sed
1572 1336 1711 1378 omnia
1766 1339 1768 1390 J

349 1415 470 1459 nobis
493 1415 603 1456 Deus
627 1413 702 1458 sit,
729 1411 760 1452 si
784 1425 859 1467 per
880 1409 1023 1450 omnia
1053 1417 1258 1465 quantum
1280 1423 1430 1465 capere
1452 1422 1680 1466 possumus
1699 1438 1709 1457 ‚
1766 1401 1768 1436 3

357 1488 410 1528 ad
437 1484 527 1541 ejus
555 1481 806 1538 imaginem,
841 1478 1244 1534 similitudinemque
1272 1478 1472 1520 vivamus.

420 1552 644 1597 CLXXVI.
681 1551 746 1592 Ad
779 1548 1128 1592 communitatem
1167 1548 1292 1604 igitur
1323 1545 1575 1589 beneficium
1605 1556 1718 1590 tran·
1766 1546 1768 1549 ’

359 1625 452 1668 sivit
476 1639 496 1665 a
520 1622 681 1679 specie3
712 1620 808 1676 qnia
827 1619 867 1660 in
892 1633 966 1659 sua
989 1612 1114 1659 carne
1137 1627 1331 1659 naturam
1354 1618 1481 1659 totius
1518 1617 1715 1659 humanae
1766 1612 1768 1615 ’

360 1694 498 1738 carnis
525 1689 727 1734 edomuit.
762 1689 812 1730 Et
843 1689 936 1730 ideo
961 1688 1077 1743 juxta
1102 1688 1350 1744 Apostolum
1374 1686 1550 1729 :asim-nt
1575 1695 1717 1744 porta-

363 1764 526 1806 »vimus
558 1761 784 1816 imaginem
815 1758 942 1815 hujus
967 1758 1150 1805 terreni,
1178 1766 1392 1813 portemus
1414 1764 1456 1798 et
1494 1756 1717 1813 imaginem
1766 1779 1768 1787 ·

362 1836 518 1892 »hujus
541 1830 763 1876 coeiestis2.
782 1831 939 1881 »Quod
965 1830 1109 1886 utique
1128 1828 1204 1869 nisi
1223 1843 1300 1885 per
1319 1828 1561 1870 interiorem
1580 1828 1718 1871 homi-

364 1923 462 1951 nem
492 1920 573 1948 non
597 1910 733 1962 potest
747 1901 929 1943 evenire.
959 1900 1228 1956 Deponentes
1246 1898 1371 1956 igitur
1395 1899 1586 1941 universa
1603 1931 1613 1948 ‚
1640 1899 1719 1941 hoc

367 1979 512 2022 ostilia
532 1991 622 2032 quae
643 1973 818 2030 legimus
840 1972 1026 2017 :ah-am,
1048 1969 1372 2017 animositatem,
1396 1969 1715 2027 blasphemiam,

366 2044 747 2106 »turpiloquiun1³;
765 2051 834 2085 »et
858 2043 966 2084 sicut
990 2040 1093 2082 infra
1118 2040 1278 2082 dictum
1305 2048 1364 2082 est
1391 2054 1433 2082 :a
1453 2040 1721 2097 Expoliantes

367 2136 473 2163 »nos
497 2126 680 2160 veterem
707 2114 922 2156 hominem
948 2128 1045 2155 cum
1074 2112 1236 2153 actibus
1264 2111 1373 2161 suis,
1396 2112 1619 2153 induamus
1643 2126 1722 2153 no-

372 2205 499 2233 »vum
514 2221 524 2237 ‚
546 2186 617 2243 qui
635 2192 859 2227 renovatur
883 2184 923 2224 in
943 2181 1196 2239 agnitionem
1212 2213 1221 2229 ,
1242 2182 1477 2223 seeundum
1495 2181 1722 2238 imaginem

371 2261 516 2316 »ejus.
540 2257 610 2313 qui
638 2255 794 2297 creavit
818 2252 955 2294 eum⁶.
975 2272 989 2290 »

434 2324 680 2371 CLXXVII.
719 2324 769 2364 Et
798 2332 842 2364 ut
865 2322 992 2364 scires
1009 2355 1018 2369 ‚
1046 2322 1142 2378 quia
1166 2337 1263 2363 cum
1291 2322 1393 2364 dicit
1415 2322 1521 2364 :aut
1539 2321 1591 2364 sit
1613 2322 1724 2363 Deus

373 2420 391 2441 ν
405 2398 543 2441 omnia
562 2395 662 2437 etin
685 2393 881 2435 omnibus
896 2424 906 2440 ,
921 2411 935 2431 υ
961 2407 980 2432 a
1003 2391 1091 2432 Deo
1107 2392 1227 2432 Patre
1246 2406 1329 2432 non
1348 2400 1514 2449 separet
1530 2399 1571 2433 ct
1586 2391 1725 2433 Chris·

373 2479 464 2513 tum
481 2500 491 2516 ,
514 2468 602 2524 ipse
624 2465 674 2506 ad
705 2463 975 2504 Colossenscs
1004 2461 1106 2502 dicit
1130 2476 1170 2501 z«
1193 2462 1270 2503 ubi
1290 2476 1374 2502 non
1405 2462 1617 2503 masculus
1633 2493 1644 2510 ‚
1668 2460 1728 2502 in-

373 2561 390 2582 n
404 2541 509 2597 quit,
530 2546 571 2580 et
589 2534 775 2582 foemina,
793 2533 967 2574 Judaeus
985 2540 1027 2573 et
1044 2532 1230 2580 Graecus,
1254 2532 1465 2574 Barbarus
1488 2539 1530 2573 et
1551 2530 1725 2587 Scytha,

420 2653 427 2666 ¹
451 2641 572 2675 Mattli.
599 2648 700 2675 xxvii,
730 2638 781 2668 51.
803 2653 842 2660 —-
862 2644 872 2660 ²
897 2648 905 2668 ι
929 2636 1004 2668 Cor.
1037 2646 1089 2673 xv,
1107 2636 1157 2678 x'19-
1180 2653 1218 2659 -—
1240 2637 1252 2659 ³
1271 2635 1394 2667 coloss,
1423 2634 1523 2673 11=,8,
1545 2652 1582 2658 —-
1611 2632 1726 2665 ⁴1bid.

369 2710 387 2742 9
416 2702 444 2729 ct
477 2707 525 2728 ιο.
