1768 3283
353 289 433 333 252
908 305 938 332 s,
978 302 1167 332 Axinnosu

350 382 459 424 diem
488 382 564 424 Dei
594 381 748 429 Filius,
782 395 877 422 cum
901 381 942 422 in
971 381 1058 437 ipso
1087 380 1167 420 sint
1199 377 1380 419 thesauri
1413 379 1623 436 sapientiae
1655 388 1697 424 ct

350 453 533 494 scientim
556 452 631 494 Dei
650 450 930 494 absconditi¹ff³

409 521 570 564 CXCV.
610 522 764 572 Quaero
786 529 924 561 antem
944 528 1085 561 utrum
1105 533 1154 559 ex
1172 518 1402 560 substantia
1419 551 1428 567 ,
1452 534 1501 561 an
1519 534 1569 561 ex
1592 521 1700 563 acci-

351 592 463 634 dcnti
486 592 678 633 habuerit
701 590 946 637 scientim-m
975 589 1109 630 omnis
1135 588 1245 629 enim
1270 587 1442 630 scientia
1466 598 1535 631 aut
1559 605 1608 632 cx
1630 605 1700 632 na-

351 670 440 702 tura
458 693 469 710 ,
504 669 573 702 aut
596 675 646 701 ex
670 658 887 716 disciplina
918 668 979 699 est
1006 674 1085 699 :ex
1108 666 1252 698 natm-a
1278 659 1460 714 suppetit
1477 692 1486 707 ,
1519 667 1565 701 ut
1587 674 1699 716 equo

351 745 535 778 currere,
555 729 837 786 piscinatare3
854 728 942 770 haec
959 728 1070 768 enim
1090 727 1247 768 faciunt
1264 735 1485 783 antequam
1506 728 1695 770 discant:

350 815 398 841 ex
422 799 639 856 disciplina
659 814 801 840 rursus
825 798 1008 855 suppetit
1032 806 1176 838 natare
1200 797 1387 845 homini3
1414 813 1509 840 nam
1533 799 1609 840 nisi
1634 799 1700 840 di-

350 869 523 916 dicerit,
549 869 655 910 scire
680 884 762 910 non
793 868 961 925 poterit.
992 867 1099 927 Cum
1123 882 1222 923 ergo
1256 867 1382 907 mutis
1417 868 1701 909 animantibus

351 945 543 995 suppetat
572 953 622 979 ex
654 947 800 980 natura
832 937 969 979 facere
997 945 1038 978 et
1065 937 1170 978 scire
1207 952 1298 992 qnae
1329 951 1411 977 non
1446 937 1701 986 didicerint,

353 1009 452 1063 qnid
484 1023 629 1050 censes
658 1009 709 1049 de
742 1008 817 1049 Dei
848 1007 978 1053 Filio,
1006 1016 1147 1048 rutrum
1174 1021 1224 1048 ex
1258 1007 1541 1055 institutione,
1573 1022 1622 1049 an
1654 1022 1705 1050 cx

353 1086 500 1119 natura
538 1078 691 1119 habeat
723 1076 974 1119 scientiam?
1004 1077 1046 1117 Si
1078 1092 1127 1117 ex
1171 1076 1432 1117 institutione
1457 1091 1467 1118 :
1493 1091 1592 1133 ergo
1620 1091 1705 1119 non

353 1155 414 1187 cst
437 1155 558 1188 natus
582 1147 807 1204 sapientia,
835 1156 877 1188 et
899 1162 948 1187 ex
974 1161 1171 1203 processu
1198 1146 1324 1203 coepit
1351 1162 1439 1188 esso
1463 1147 1674 1203 perfectus
1692 1180 1703 1196 ‚

355 1231 432 1257 nec
463 1226 552 1259 crat
585 1233 762 1274 semper.
803 1217 928 1268 Quod
963 1217 994 1258 si
1032 1217 1264 1258 naturalem
1296 1216 1514 1258 scientiam
1552 1216 1704 1265 habet,

358 1286 498 1342 utiquc
521 1287 730 1343 pei-scetus
750 1287 788 1328 in
809 1286 1017 1343 principio
1034 1295 1122 1328 evat
1139 1319 1148 1334 ,
1167 1286 1375 1343 perfectus
1397 1302 1448 1328 ex
1464 1287 1586 1329 Patre
1608 1301 1707 1344 pro-

357 1356 503 1403 cessit3
530 1366 569 1397 et
594 1357 686 1397 ideo
710 1357 969 1413 praescientia
999 1372 1080 1397 non
1105 1357 1219 1412 egnit
1244 1356 1495 1398 futurorum.

417 1427 602 1468 CXCVI.
639 1427 728 1469 Non
748 1443 846 1484 ergo
866 1427 1041 1468 nescivit
1059 1426 1192 1474 die1n;
1214 1426 1478 1481 nequeenim
1498 1427 1709 1483 sapientiae

357 1497 432 1538 Dei
450 1505 511 1537 est
534 1505 718 1552 exparte
741 1498 872 1544 scire,
890 1505 931 1538 ct
954 1505 1139 1553 exparte
1164 1496 1339 1537 nescire.
1367 1495 1468 1537 Nam
1494 1497 1710 1552 quomodo

358 1574 494 1622 potest
519 1566 682 1607 nescire
714 1575 900 1622 partem,
933 1566 1001 1621 qni
1028 1566 1124 1607 l'ecit
1147 1566 1326 1613 omnia²3
1365 1580 1461 1607 cum
1494 1567 1631 1607 minus
1660 1565 1712 1608 sit

356 1636 461 1677 scire
477 1668 486 1683 ,
511 1651 636 1691 qnam
660 1636 829 1677 facere?
857 1636 982 1677 Multa
1006 1635 1117 1676 onim
1139 1635 1294 1677 scimus
1310 1666 1320 1680 ‚
1350 1651 1440 1691 qnae
1466 1635 1604 1678 facere
1626 1651 1711 1677 non

361 1722 582 1764 possumus
608 1722 616 1748 :
643 1722 720 1748 nec
743 1708 890 1748 codem
912 1708 1039 1748 modo
1062 1722 1207 1747 omncs
1230 1707 1408 1754 scimus,
1430 1707 1502 1747 sed
1524 1721 1573 1747 ex
1596 1715 1712 1763 parte

361 1778 668 1835 cognoscimus.
711 1777 834 1821 Novit
866 1778 977 1818 enim
1009 1786 1230 1818 ventorum
1269 1777 1376 1825 vim,
1413 1779 1712 1834 stellarumque

363 1863 508 1890 cursus
529 1849 648 1891 aliter
666 1849 846 1890 rusticus
864 1880 874 1896 ,
899 1849 1017 1890 aliter
1041 1848 1218 1907 civitatis
1239 1848 1373 1889 incola
1393 1881 1402 1896 ,
1428 1848 1547 1907 alit-cr
1567 1849 1716 1905 guber·-

364 1929 495 1962 nator.
523 1920 609 1962 Etsi
634 1935 715 1961 non
736 1934 881 1961 omnes
904 1927 1060 1960 norunt
1084 1919 1221 1960 omnia
1238 1953 1246 1966 ,
1270 1928 1407 1960 tamen
1427 1934 1548 1960 nosse
1568 1919 1715 1961 dicun-

366 2001 432 2033 tur
458 2007 466 2032 :
493 1992 604 2033 solus
633 1999 772 2032 autem
796 1991 916 2047 plone
937 1990 1049 2030 novit
1072 1989 1163 2037 illc,
1191 1989 1261 2045 qni
1285 1989 1383 2031 fecit
1408 1990 1561 2032 omnia,
1593 1989 1716 2033 Novit

361 2062 617 2119 gubernator
641 2068 766 2116 quota
799 2059 934 2114 vigilia
966 2060 1169 2116 procedat
1191 2059 1399 2100 Arcturus
1434 2059 1543 2116 (24).
1568 2060 1713 2116 quales

365 2139 482 2172 ortus
508 2131 697 2187 exploret
714 2129 906 2176 On-i0ni53
936 2144 1019 2170 uon
1043 2138 1182 2170 tamen
1208 2129 1495 2185 colligationes
1521 2128 1717 2185 Vergiliu-

365 2215 456 2242 rum
475 2231 486 2248 .
516 2208 846 2255 caetcrarumquc
881 2199 1095 2239 stellarum
1126 2206 1196 2238 aut
1218 2213 1443 2239 numerum
1475 2197 1610 2247 novit,
1648 2205 1717 2239 aut

365 2270 551 2317 nomina,
571 2270 679 2311 sicut
698 2269 764 2310 illc
779 2302 789 2316 ‚
806 2286 821 2306 α
836 2268 917 2318 Qui
938 2275 1131 2308 numerat
1150 2267 1463 2308 multitudinem
1483 2267 1714 2315 stellarum,

363 2348 434 2381 »et
455 2339 650 2380 omnibns
676 2338 737 2380 his
765 2338 932 2380 nomina
962 2346 1082 2379 vocat
1099 2337 1128 2378 ³:
1153 2357 1165 2376 n
1189 2352 1313 2393 quem
1342 2337 1484 2393 utique
1509 2351 1591 2379 non
1614 2337 1719 2380 fallit

367 2410 502 2466 operis
527 2410 589 2450 sui
608 2409 752 2451 virtus.

427 2479 630 2523 CXCVII.
671 2480 899 2532 Quomodo
924 2479 1037 2521 enim
1073 2479 1197 2520 vultis
1236 2479 1323 2520 haec
1365 2479 1513 2521 secisse
1549 2479 1624 2522 Dei
1651 2479 1719 2521 Fi-

366 2549 502 2591 lium?
524 2549 739 2606 Numquid
761 2549 878 2606 quasi
901 2550 1102 2591 annulum
1118 2582 1128 2597 ,
1153 2548 1224 2604 qni
1248 2563 1331 2590 non
1355 2549 1479 2591 sentit
1508 2549 1621 2606 quod
1650 2563 1716 2589 ex-

416 2642 622 2682 =Coloss.11‚
644 2643 674 2676 5.
693 2661 732 2668 —
752 2653 762 2668 ⁸
784 2642 879 2675 Joan.
901 2654 922 2682 ι,
941 2643 970 2674 Γ).
989 2661 1026 2667 -—
1046 2644 1058 2667 3
1076 2642 1156 2675 Psal.
1173 2653 1277 2679 oxu-1,
1295 2642 1327 2679 4.
