1806 3256
366 282 419 330 24
909 294 938 319 s,
982 294 1168 320 Auennsn

366 386 530 426 semper
562 378 636 411 est.
680 371 794 411 Unde
817 378 857 410 oi
890 370 1045 410 Dauid:
1075 390 1089 406 «ι
1114 371 1156 410 In
1182 378 1382 409 wirrnnm
1401 401 1410 416 ,
1444 367 1576 423 inquit
1594 400 1603 415 ,
1630 368 1709 409 Do·

367 442 529 488 ›1mine‚
566 450 781 497 permanet
812 439 996 481 Verbum
1021 449 1138 480 tuum
1165 442 1202 480 in
1223 439 1371 480 err-10¹.
1403 460 1415 475 ιι
1440 439 1565 490 Quod
1600 438 1710 480 enim

364 519 530 559 manet,
562 524 640 551 nec
667 509 896 550 substantia
915 543 923 557 ,
953 525 1027 550 nrc
1050 510 1281 550 :cm-uitato
1300 507 1452 550 deficit.

424 579 572 622 LXIV.
602 579 764 629 Quaeris
784 594 803 620 a
823 594 888 619 me
909 581 1122 635 quomodo
1145 580 1272 620 Filius
1293 579 1359 625 sit,
1379 579 1511 619 sinon
1532 579 1715 635 priorem

366 649 519 691 habeat
540 650 706 690 Patrem
726 648 915 699 PQuaero
939 649 1036 689 ilem
1063 650 1206 695 abste,
1231 650 1397 704 quando
1417 657 1486 689 ant
1504 651 1718 704 quomodo

365 720 519 763 Filium
545 727 666 775 pulses
697 734 787 759 esse
817 720 1092 774 generatum?
1118 719 1215 760 Mihi
1234 719 1344 759 enim
1379 719 1635 775 impossibile
1660 726 1722 759 est

369 787 651 846 generationis
672 788 779 830 scire
801 797 1011 830 secretum
1032 803 1042 830 ε
1070 803 1184 830 mens
1204 787 1368 834 deficit,
1396 803 1475 829 vox
1498 786 1614 835 silet,
1635 802 1723 829 non

368 873 462 900 mea
485 866 646 899 tantum
662 891 672 906 ,
695 859 767 899 sed
790 867 831 899 ct
854 858 1125 914 Angelorum.
1155 859 1287 914 Supra
1313 859 1565 905 potestates,
1599 873 1725 914 supra

370 928 569 985 Angelos,
594 943 717 984 supra
735 928 984 977 Cherubim,
1015 943 1136 984 supra
1157 928 1393 984 Seraphim,
1415 941 1538 983 supra
1557 942 1724 969 omnem

373 1014 541 1040 sensum
572 1008 660 1046 est3
687 999 781 1054 quia
806 1000 1006 1055 scriptum
1032 1007 1094 1040 est
1121 1015 1128 1040 :
1158 1017 1172 1037 (ι
1189 999 1270 1041 Pax
1295 1008 1433 1040 antem
1459 998 1613 1039 Christi
1635 1013 1727 1054 quae

375 1087 392 1108 n
407 1077 469 1110 est
487 1083 613 1125 supra
631 1083 799 1109 omnem
824 1084 991 1109 sensum
1010 1068 1041 1110 ².
1062 1068 1131 1110 »Si
1150 1083 1229 1125 pax
1245 1068 1398 1109 Christi
1413 1082 1536 1124 supra
1558 1082 1727 1108 omnem

378 1152 548 1179 sensum
573 1145 662 1184 est,
687 1139 1045 1193 quemadmodum
1080 1153 1164 1179 non
1197 1146 1257 1179 est
1285 1152 1409 1194 supra
1433 1152 1602 1178 omnem
1637 1152 1729 1179 sen·

380 1222 474 1250 sum
499 1214 612 1248 tanta
635 1206 883 1263 generatio?

437 1276 564 1319 LXV.
603 1276 666 1318 Tu
704 1291 871 1332 quoque
905 1292 1075 1318 manum
1111 1279 1172 1318 ori
1209 1279 1413 1326 admove,
1444 1277 1622 1319 scrutari
1646 1291 1731 1320 non

377 1346 478 1389 licet
501 1362 682 1403 superna
704 1348 914 1403 mysteria.
944 1348 1061 1390 Licet
1091 1348 1199 1389 scire
1232 1349 1346 1404 quod
1382 1357 1504 1389 natus
1541 1348 1622 1390 sit:
1649 1363 1732 1389 non

379 1416 480 1459 licet
501 1416 711 1458 discutere
729 1419 1088 1473 quemadmodum
1106 1425 1227 1459 natus
1248 1417 1310 1459 sit.
1333 1418 1442 1458 Illud
1463 1433 1614 1474 negare
1632 1418 1733 1459 mihi

383 1502 468 1528 non
488 1488 612 1536 licet,
641 1488 722 1529 hoc
740 1504 926 1544 quaerere
950 1493 1085 1530 metus
1106 1481 1184 1530 est:
1209 1490 1311 1530 Nam
1342 1487 1374 1528 si
1400 1489 1552 1529 Paulus
1574 1504 1620 1530 ea
1643 1504 1735 1545 quae

385 1556 546 1599 audivit
567 1565 709 1613 raptus
732 1557 772 1597 in
799 1558 966 1599 tertium
998 1559 1175 1605 coelum,
1218 1557 1443 1602 ineffabilia
1477 1558 1607 1605 dicit;
1635 1573 1737 1613 quo-

335 1650 342 1656 ·
384 1627 513 1669 modo
532 1642 607 1668 nos
625 1627 856 1684 exprimere
879 1643 1101 1684 possumus
1125 1637 1308 1684 paternae
1327 1628 1606 1678 generationis
1624 1643 1738 1670 arca-

387 1711 488 1738 num
504 1727 515 1744 ,
540 1696 652 1751 qnod
675 1712 754 1738 nec
775 1698 931 1738 sentire
952 1698 1166 1754 potuimus
1181 1730 1190 1745 ,
1212 1712 1290 1738 nec
1315 1698 1487 1738 audire?

444 1765 592 1808 LXVI.
632 1766 788 1807 Verum
807 1768 837 1807 si
862 1782 928 1807 me
960 1768 1010 1808 ad
1035 1768 1384 1808 consuetudinem
1411 1767 1539 1808 trahis
1561 1782 1736 1824 genera-

388 1835 512 1877 tionis
535 1836 751 1884 humanae,
778 1844 823 1876 ut
839 1837 1002 1877 Patrem
1031 1838 1143 1878 dicas
1166 1838 1373 1893 priorem3
1401 1837 1494 1878 vide
1519 1845 1658 1879 utrum
1687 1839 1736 1879 ad

389 1906 704 1962 generationem
734 1906 810 1946 Dei
843 1914 1018 1946 terrenae
1053 1906 1334 1962 generationis
1361 1907 1551 1962 exempla
1587 1921 1744 1948 conve-

391 1975 522 2018 niant.
547 1975 588 2017 Si
612 1976 844 2017 secundum
872 1975 1084 2017 hominem
1121 1977 1359 2032 loquamur,
1391 1991 1543 2030 negare
1566 1991 1650 2018 non
1675 1992 1747 2034 po·

395 2046 495 2087 teris
523 2045 683 2102 priores
716 2061 805 2087 esse
837 2046 878 2087 in
914 2045 1084 2086 homine
1115 2046 1242 2102 patris
1266 2060 1391 2101 quam
1416 2045 1487 2086 filii
1513 2047 1739 2102 passione&

394 2115 514 2158 Prior
537 2116 692 2163 crevit,
726 2116 841 2172 prior
873 2116 1030 2163 senuit,
1072 2116 1187 2171 prior
1218 2116 1375 2162 doluit,
1407 2115 1522 2171 prior
1548 2115 1674 2157 ssevit.
1705 2115 1747 2156 Si

396 2186 524 2241 igitur
547 2185 616 2226 hiC
648 2193 837 2242 tempore
869 2186 1023 2232 minor,
1057 2185 1124 2226 iile
1152 2185 1362 2240 anliquior
1385 2185 1587 2241 passione.
1614 2185 1656 2226 Si
1678 2184 1746 2226 hie

395 2254 676 2311 generationis
711 2254 889 2296 incurrit
921 2263 1111 2301 aelatem,
1148 2269 1224 2295 nee
1258 2253 1324 2296 ilie

394 2327 615 2383 pudorem.

1352 2255 1578 2311 generandi
1617 2255 1748 2296 evasit

452 2396 621 2439 LXVII.
661 2396 775 2447 Quid
803 2404 841 2438 te
865 2397 939 2438 ista
962 2397 1242 2453 quaestionum
1269 2405 1476 2437 tormenta
1501 2394 1748 2437 delectant?

396 2466 528 2509 Audis
547 2467 623 2508 Dei
645 2466 825 2508 Filium:
848 2476 917 2508 aut
935 2469 1025 2508 dele
1043 2481 1196 2507 nomen
1213 2499 1223 2515 ,
1244 2475 1314 2508 aut.
1338 2481 1517 2521 agnosce
1535 2475 1742 2508 naturam.

399 2537 531 2580 Audis
557 2546 740 2585 uterum,
765 2552 942 2594 agnosce
966 2537 1243 2594 generationis
1261 2536 1493 2595 perspicuae
1511 2536 1743 2578 veritatem.

447 2638 455 2650 ¹
480 2628 697 2667 Psal.cxv=1=‚
716 2629 769 2671 89.
790 2647 828 2653 —
844 2639 856 2653 2
877 2628 996 2671 Philip.
1023 2639 1065 2659 iv.
1083 2641 1116 2671 7.
