1768 3283
564 290 614 316 DE
648 290 756 322 FIDE,
793 291 870 317 Lm.
913 290 946 318 V.
1343 296 1425 336 220

74 367 179 415 lem,
210 380 293 408 non
315 381 366 408 ex
387 367 577 422 passione
595 399 604 414 ‚
629 381 713 407 nou
741 382 790 408 ex
818 367 1098 424 conceptione
1115 400 1125 417 ,
1152 382 1236 409 non
1257 384 1307 410 ex
1330 386 1427 425 gra-

76 435 143 476 tia.
167 435 490 477 Generationem
517 436 622 492 legi,
646 450 730 477 non
752 437 833 492 legi
860 437 1197 493 conceptionem.
1226 437 1278 478 Et
1302 440 1426 480 Pater

77 504 179 546 dicit
203 520 245 546 τι(
269 505 447 554 Genui¹3
471 524 485 545 ι)
502 522 584 548 non
608 505 709 548 dicit
736 522 744 548 :
772 507 917 548 creavi
941 522 950 548 :
970 515 1011 548 et
1034 507 1166 549 Filius
1193 522 1276 548 non
1305 508 1428 549 Crea-

75 582 207 617 torem
225 592 345 617 suum
368 577 503 618 Deum
526 578 758 619 secundum
777 578 1059 619 zeternitatem
1087 577 1236 618 divinae
1259 593 1428 634 genera-

75 646 199 688 tionis
214 678 224 692 ‚
244 648 316 687 sed
338 646 501 688 Patrem
521 647 723 690 nominat,

133 715 322 758 CXXIV.
361 716 413 757 So
443 732 610 773 quoque
641 733 754 759 nunc
787 732 837 759 cx
860 733 1036 774 persona
1073 718 1281 766 hominis,
1312 734 1426 761 nunc

74 784 114 826 in
136 785 211 826 Dei
238 786 456 840 majestate
478 786 686 843 significat
712 803 720 829 :
748 802 863 828 nunc
886 788 1090 828 unitatem
1114 788 1192 829 sibi
1217 788 1425 830 Divinita-

73 854 124 896 tis
146 869 242 896 cum
271 857 357 896 Deo
382 856 503 897 Patre
528 857 745 898 vindicans
763 890 772 905 ,
800 872 912 897 nunc
939 857 1204 912 fragilitatem
1228 858 1424 899 'numanae

72 924 210 966 carnis
234 939 447 967 assumens
471 941 480 967 :
511 941 623 967 nunc
651 926 887 967 doctrinam
910 941 1028 967 suam
1061 942 1103 967 se
1134 940 1218 967 non
1246 926 1427 974 habere,

73 1010 185 1037 nunc
219 997 477 1037 voluntatem
508 1012 626 1038 suam
658 1012 700 1038 se
730 1012 814 1038 non
847 1011 1035 1052 quaerere
1061 1012 1070 1037 τ
1097 1011 1211 1039 nunc
1239 997 1431 1039 testimo-

71 1066 188 1108 nium
210 1082 332 1108 suum
349 1083 492 1109 verum
512 1083 596 1109 non
620 1083 708 1109 esse
723 1100 733 1117 ‚
753 1082 866 1109 nunc
891 1083 1031 1109 verum
1056 1083 1145 1109 esse
1170 1067 1423 1124 significans.

72 1135 175 1178 Nam
192 1137 278 1193 ipse
296 1137 396 1178 dixit
419 1138 510 1179 ταδὶ
528 1153 604 1195 ego
622 1137 912 1180 testimonium
932 1138 1135 1193 perhibeo
1154 1138 1205 1178 de
1227 1152 1295 1179 me
1320 1139 1426 1195 ipso,

73 1222 87 1243 n
102 1205 385 1255 testimonium
406 1223 547 1248 meum
567 1223 650 1248 non
670 1215 731 1248 est
752 1208 941 1248 verum².
955 1226 967 1243 n
983 1207 1032 1247 Et
1049 1207 1137 1263 ipse
1159 1208 1199 1248 in
1225 1210 1426 1263 posterio-

72 1274 186 1315 ribus
211 1276 266 1316 ait
285 1291 293 1316 :
311 1276 426 1317 «Etsi
450 1292 527 1333 ego
547 1276 834 1318 testimonium
860 1275 1064 1333 perhibeo
1089 1277 1139 1317 de
1162 1291 1228 1318 me
1244 1310 1254 1325 ,
1281 1292 1428 1319 verum

71 1353 161 1385 »est
191 1346 478 1387 testimonium
504 1362 646 1388 meum
665 1347 696 1388 ὁ.
713 1367 728 1383 »

130 1414 302 1458 CXXV.
340 1418 565 1468 Quomodo
600 1418 726 1474 igitur
748 1433 832 1459 non
861 1426 923 1458 est
952 1432 1097 1458 verum
1131 1417 1421 1459 testimonium

71 1494 210 1533 tuum,
241 1487 422 1528 Domine
447 1487 546 1529 Jesu
563 1520 572 1528 .
597 1489 665 1530 cui
692 1488 762 1544 qui
782 1486 985 1534 credidit,
1011 1486 1050 1527 in
1077 1501 1204 1527 cruce
1224 1487 1324 1528 licet
1348 1503 1416 1543 po-

69 1555 170 1597 situs
187 1588 197 1606 ‚
220 1565 261 1598 et
283 1557 392 1598 inter
408 1557 585 1598 confessi
609 1559 774 1599 sceleris
797 1557 1000 1614 supplicia
1023 1557 1278 1598 constitutus
1295 1590 1304 1604 ,
1331 1573 1416 1599 me-

70 1625 145 1666 rita
163 1626 336 1667 latronis
354 1626 488 1675 exuit,
516 1627 685 1683 praemia
706 1627 943 1668 innocentis
961 1626 1189 1668 emeruit⁶P

127 1694 317 1738 CXXVI.
355 1696 571 1753 Deceptus
602 1705 668 1737 est
696 1711 796 1752 ergo
827 1696 1007 1743 Paulus,
1042 1695 1113 1751 qui
1145 1694 1240 1736 ideo
1267 1696 1429 1752 recepit

70 1766 259 1814 oculos⁵,
297 1767 392 1822 quia
428 1767 631 1815 credidit3
663 1782 768 1823 quos
801 1767 996 1807 amiserat
1019 1799 1029 1814 ‚
1071 1778 1297 1822 antequam
1338 1781 1428 1808 cre-

67 1834 216 1876 deret?

127 1905 335 1948 CXXVII.
374 1907 607 1949 Erravit-ne
630 1908 756 1950 etiam
778 1906 903 1949 Jesus
920 1907 1031 1949 Nave
1047 1939 1056 1955 ,
1074 1907 1145 1963 qui
1169 1907 1320 1948 ducem
1342 1907 1423 1947 mi-

66 1976 162 2018 litiae
186 1976 365 2018 coelestis
389 1977 602 2033 agnovitfi?
626 1977 709 2019 Sed
737 1986 1011 2034 posteaquam
1047 1976 1249 2022 credidit,
1285 1975 1423 2017 statim

67 2046 188 2094 vicit,
216 2046 364 2103 dignus
392 2047 462 2103 qui
488 2046 585 2088 fidei
618 2047 762 2104 praelio
796 2046 1089 2103 triumpharet.
1120 2046 1310 2100 Denique
1338 2060 1420 2086 non

65 2125 211 2158 aeratas
230 2118 337 2158 acies
358 2117 398 2158 in
418 2118 526 2158 bella
545 2117 767 2174 produxit,
788 2132 867 2158 nec
890 2117 1017 2157 ariete
1033 2149 1043 2163 ‚
1069 2116 1316 2170 caeterisque
1338 2123 1422 2154 tor-

64 2195 305 2228 mentorum
328 2187 531 2228 machinis
549 2219 558 2234 ‚
582 2189 654 2228 sed
679 2188 875 2228 tubarum
907 2195 1068 2243 septem
1094 2184 1420 2226 sacerdotalium

66 2272 168 2298 sono
189 2290 198 2305 ‚
241 2272 459 2298 murorum
493 2256 706 2298 hostilium
746 2266 860 2312 septa
899 2253 1127 2312 deposuiffl.
1168 2254 1227 2294 lia
1262 2253 1419 2293 bellum

67 2326 248 2366 immane
272 2326 452 2367 confecit
476 2328 585 2367 tubae
610 2328 781 2382 ciangor
801 2358 809 2371 ‚
836 2334 877 2366 et
907 2326 1033 2365 insula
1060 2322 1302 2365 sacerdotis.

127 2395 357 2438 CXXVIH.
395 2395 510 2437 Vidit
534 2397 615 2437 boc
640 2396 862 2442 meretrix,
889 2403 928 2436 et
954 2409 1045 2450 quse
1065 2394 1105 2434 in
1128 2393 1291 2433 excidio
1316 2390 1419 2432 civi-

67 2466 159 2508 tatis
190 2466 374 2507 remedia
397 2467 636 2523 desperaret
660 2467 803 2508 saiutis
819 2499 828 2514 ,
855 2466 951 2522 quia
976 2464 1078 2506 fides
1100 2463 1278 2510 vicerat,
1304 2461 1418 2517 signa

110 2577 120 2592 ¹
138 2569 220 2601 Psal.
236 2581 272 2608 u,
290 2581 320 2611 7.
340 2588 377 2594 —
399 2580 410 2593 ¹
430 2571 527 2602 ,Io-an.
545 2581 577 2607 v,
596 2571 707 2601 51.—
727 2569 810 2601 ³16.
830 2568 1033 2607 v1n‚14.—
1062 2569 1074 2593 ⁴
1098 2568 1177 2598 Luc.
1201 2575 1291 2600 xxm.
1313 2564 1367 2606 41,
1388 2569 1419 2596 et

66 2634 154 2667 seqq.
174 2642 213 2647 —--
231 2627 242 2648 5
263 2627 333 2656 Λεῐ.
355 2635 398 2663 xx,
421 2625 470 2656 18.
493 2642 531 2648 —
550 2626 563 2645 θ
582 2625 690 2656 Jeme.
709 2623 812 2654 5213.
833 2622 977 2654 -71<1.
994 2633 1041 2655 vx.
1057 2631 1105 2651 20.
