1768 3283
339 279 389 305 nr„
424 277 581 305 smniru
617 276 793 310 smero,
828 276 907 304 mn.
947 276 1007 304 111.
1282 265 1363 321 395

3 354 151 400 'sancti
169 371 322 398 munus
340 355 523 398 emicuit.
538 354 687 411 -Ncque
710 353 821 396 enim
846 355 1045 396 latentem
1068 355 1369 398 conscientiam

2 423 289 469 lsoeminarum
327 427 403 468 alia
434 426 569 483 aliqua
606 433 865 483 penetrasset
897 424 977 467 nisi
1019 424 1200 482 Spiritus
1237 427 1369 468 sancti

2 496 246 543 rmachaera,
275 496 327 538 de
363 511 444 552 qua
473 496 529 537 ait
557 495 789 538 Dominus:
814 512 829 534 «
852 495 943 537 Non
970 495 1063 537 veni
1088 510 1234 552 pacem
1264 495 1367 537 mit-

1 565 155 625 ζῆθι-θ,
188 567 262 608 sed
293 566 574 609 machaeram*
604 584 614 614 ;
647 585 661 606 n
697 567 793 623 quia
830 580 914 608 non
946 565 1079 614 ferro,
1114 566 1188 608 sed
1210 565 1369 623 Spiritu

1 631 135 679 imens
158 635 321 678 interna
342 636 611 693 penetrabilis
632 652 640 678 :
669 654 683 674 α
703 637 778 678 Est
799 636 909 677 enim
938 634 1116 693 Spiritus
1139 635 1370 692 intelligen-

1 705 114 750 2»tiao
141 714 333 755 sanctus,
362 706 531 753 unicus,
567 706 809 763 multiplex,
845 705 1032 754 subtilis,
1068 705 1259 755 mobilis;
1283 723 1299 745 »
1327 712 1370 747 et

0 773 125 831 finsra
147 788 156 815 ε
181 791 196 811 a
219 774 369 816 Omnia
393 774 693 831 prospiciens².
715 794 729 812 »

0 848 3 901 ξ
79 843 320 886 XXXVIII.
368 842 474 885 Vide
510 845 718 901 Propheta
758 843 859 900 quid
904 844 1016 886 dicat
1038 877 1048 893 ‚
1091 844 1187 900 qnia
1230 844 1367 887 omnia

0 914 236 973 {prospicin
265 915 317 955 Et
343 914 436 956 ideo
460 914 585 955 etiam
616 914 814 956 Salomon
843 914 1080 972 prospexit,
1120 923 1167 956 ut
1193 914 1374 956 machae-

0 971 111 1067 {ram
143 985 258 1026 illam
286 984 458 1042 juberet
480 984 616 1026 afferri
636 984 676 1033 3;
702 985 798 1041 quia
832 985 1028 1027 simulato
1052 985 1166 1041 quod
1190 984 1375 1027 dividere

0 1070 2 1075 ’
22 1056 148 1098 vellet
177 1054 377 1097 infantem
394 1087 405 1104 ,
439 1055 720 1097 consideravit
746 1056 860 1111 quod
883 1071 979 1097 vera
1002 1064 1136 1100 mater
1156 1056 1250 1112 plus
1277 1069 1376 1098 con-

0 1124 180 1172 lsuleret
206 1124 313 1166 Filio
340 1138 465 1180 quam
504 1125 674 1173 solati03
710 1133 752 1166 et
782 1125 957 1180 gratiam
985 1125 1090 1181 juri,
1124 1140 1209 1167 non
1237 1125 1378 1182 gratiae

0 1195 116 1268 ¹jura
138 1193 366 1252 praeserret.
397 1194 451 1235 At
479 1208 576 1235 ve-10
608 1195 675 1236 illa
709 1209 800 1250 quae
831 1195 975 1236 matris
1003 1194 1218 1236 simularet
1248 1193 1378 1236 affec-

0 1248 1 1308 i
26 1274 141 1314 tum,
169 1263 364 1306 vincendi
389 1264 527 1305 studio
551 1279 688 1312 caeca,
718 1263 831 1321 parvi
867 1266 1040 1306 duceret
1067 1264 1157 1342 ejus
1180 1263 1377 1315 exitium,

0 1335 69 1376 in
88 1349 169 1391 quo
190 1334 371 1376 nesciret
389 1333 554 1391 pietatis
572 1334 852 1390 dispendium.
878 1334 1023 1390 Itaque
1046 1334 1108 1375 vir
1130 1334 1197 1374 ille
1218 1332 1382 1391 spirita·

27 1406 99 1454 lis,
120 1405 191 1461 qui
215 1405 468 1461 dijudicaret
491 1405 629 1446 omnia
654 1423 667 1442 a
684 1404 915 1462 (Spiritalis
937 1405 1048 1446 enim
1069 1403 1271 1459 dijudicat
1296 1417 1383 1443 om-

30 1475 178 1530 »nia⁶)
202 1493 216 1513 »
240 1484 434 1517 naturam
466 1475 507 1515 in
540 1474 761 1516 affectibus
792 1474 1004 1531 quaesivit,
1037 1488 1129 1530 quae
1158 1472 1315 1514 latebat
1339 1471 1382 1512 in

29 1544 202 1586 vocibus
224 1560 233 1585 :
254 1554 295 1585 et
316 1544 513 1601 pietatem
542 1543 835 1601 interrogavit,
859 1552 908 1584 ut
927 1543 1123 1599 proderet
1144 1541 1378 1583 veritatem.

31 1612 140 1656 Vicit
175 1614 315 1670 itaque
352 1622 487 1655 mater
529 1613 743 1655 eharitatis
782 1612 961 1660 affectu,
1001 1627 1092 1668 quae
1130 1612 1291 1653 fructus
1324 1618 1387 1652 est

31 1683 223 1741 Spiritus.

89 1752 296 1797 XXXIX.
330 1753 543 1810 Dijudicat
561 1753 602 1795 in
623 1753 857 1809 Propheta,
882 1751 978 1808 quia
997 1765 1072 1809 per
1093 1750 1296 1808 Spiritum
1319 1749 1389 1792 da-

34 1831 102 1864 tur
134 1838 271 1865 sermo
301 1824 515 1882 sapientiae
544 1838 554 1866 :
588 1825 803 1880 quomodo
838 1837 936 1879 ergo
968 1830 1147 1878 negatur
1180 1822 1294 1877 quod
1325 1835 1394 1862 ar-

35 1907 163 1950 guere
195 1893 324 1950 possit
360 1892 539 1950 Spiritus
571 1902 740 1936 sanctus
776 1894 984 1934 mundum
1020 1892 1070 1933 de
1104 1891 1291 1948 judicio,
1321 1889 1393 1946 qui

36 1961 184 2018 judicii
206 1963 313 2004 tollit
335 1963 602 2020 ambiguum,
630 1963 804 2019 largitur
821 1960 1052 2004 eventum?

94 2032 182 2075 XL.
220 2034 365 2075 Daniel
392 2049 560 2091 quoque
583 2034 661 2075 nisi
687 2034 917 2090 accepisset
938 2033 1014 2074 Dei
1037 2031 1260 2088 Spiritum,
1283 2044 1396 2072 nun-

41 2116 164 2157 quam
187 2102 390 2159 potuisset
412 2103 727 2160 deprehendere
753 2102 1004 2144 adulterium
1032 2100 1241 2147 libidinis,
1274 2113 1394 2140 men-

40 2171 207 2213 dacium
244 2171 414 2214 sraudis.
455 2173 559 2216 Nam
588 2189 683 2215 cum
719 2173 907 2214 Susanna
930 2171 1276 2228 presbyterorum
1301 2182 1398 2209 con·

39 2241 322 2298 jurationibus
359 2242 567 2299 appetita,
604 2243 799 2284 inflexam
836 2241 981 2299 populi
1018 2247 1203 2281 mentem
1236 2237 1398 2279 videret

44 2310 399 2368 contemplatione
423 2312 664 2360 seniorum3
689 2321 730 2353 et
752 2312 947 2353 omuibus
966 2309 1161 2351 destituta
1186 2305 1398 2351 subsidiis,

44 2381 129 2421 sola
156 2379 265 2421 inter
286 2379 477 2422 homines
495 2382 709 2439 pudicitiae
731 2397 814 2423 sure
837 2380 1004 2423 conscia
1029 2379 1166 2421 Deum
1195 2376 1400 2418 arbitrum

44 2459 320 2506 precaretur:
354 2468 369 2489 α
392 2451 642 2500 Exaudivit‚
674 2452 836 2508 inquit,
873 2450 1077 2492 Dominus
1106 2460 1253 2489 vocem
1284 2444 1402 2501 ejus,

93 2562 102 2577 ¹
130 2554 250 2587 Matth.
274 2566 316 2591 x,
348 2555 400 2595 54.
431 2575 471 2582 -
501 2565 513 2580 ¹
544 2557 624 2600 Sap.
651 2567 697 2589 vu
717 2579 726 2595 ‚
755 2567 794 2588 22
813 2577 823 2595 ,
853 2555 906 2587 23.
936 2571 976 2579 —
1001 2554 1016 2577 ³
1040 2552 1058 2583 3
1090 2551 1171 2594 Reg.
1199 2561 1264 2592 ιιι,
1290 2549 1340 2588 ²4·
1359 2566 1400 2575 —

51 2609 64 2635 4
94 2618 106 2639 ι
138 2608 218 2642 Cor.
248 2619 298 2649 ιι,
328 2611 380 2643 ι5.
