1806 3256
517 322 564 347 DE
599 320 707 351 Finis,
744 319 823 344 Lm.
861 319 886 344 1.
1327 307 1374 346 15

36 400 144 441 ouini
169 399 271 441 dixit
293 413 300 438 :
320 414 334 435 α
352 397 438 454 Ego
466 406 507 439 ot
526 398 647 439 Pater
676 411 804 438 unum
829 395 1012 438 sumus¹.
1036 412 1050 433 »
1066 395 1156 437 Non
1187 408 1263 452 ego
1295 396 1376 439 hoc

37 469 154 518 dico,
196 468 385 509 Christus
422 468 535 509 dixit.
578 467 791 522 Numquid
828 466 972 514 fallax,
1013 469 1060 506 ut
1100 465 1348 508 mentiretur
1370 470 1385 507 2¹

33 538 246 594 Numquid
278 538 453 594 impius,
480 547 525 580 ut
549 539 661 594 quod
688 552 772 578 non
801 545 890 578 erat
919 535 1170 593 usurparet?
1194 535 1278 578 Sed
1299 536 1378 578 sin-

33 610 126 664 gula
147 607 230 649 suis
252 607 354 649 locis
374 608 538 663 plenius
557 607 810 664 digerentur.

89 676 198 719 XLI.
236 676 356 719 Nunc
390 677 588 732 quoniam
615 676 837 718 haereticus
867 675 968 717 dicit
994 689 1084 716 esse
1114 674 1374 720 dissimilem,

33 746 156 801 idque
177 747 352 788 versutis
375 747 730 803 disputationibus
753 754 939 788 astruere
962 745 1124 793 nititur,
1150 745 1378 787 dicendum

31 822 91 854 est
105 814 222 855 uobis
235 817 348 870 quod
360 815 563 873 scriptum
578 824 639 857 est
659 816 716 871 (5)
739 831 747 855 z
767 834 781 851 «
802 815 954 856 Cavete
966 829 1018 856 ne
1034 814 1123 869 quis
1137 828 1208 855 vos
1222 813 1379 870 deprac-

31 884 182 924 »detur
202 897 277 940 per
299 884 625 941 philosophiam,
651 892 692 926 et
723 884 890 925 inanem
912 883 1200 925 seductionem
1224 898 1374 925 secun-

29 970 43 988 ιι
60 952 160 993 dum
187 953 456 996 traditionem
483 954 721 1002 hominum,
751 962 792 996 et
814 954 1047 995 seeundum
1069 952 1277 993 elementa
1305 952 1379 994 hu-

29 1020 123 1075 »jus
152 1023 325 1075 mundis,
351 1031 392 1060 et
416 1037 501 1060 non
533 1024 768 1062 secundnm
808 1023 1045 1068 Christum3
1083 1021 1180 1076 quia
1212 1022 1254 1063 in
1290 1022 1380 1079 ipso

27 1107 43 1128 n
57 1088 217 1131 habitat
239 1087 376 1130 omnis
399 1087 616 1144 plenitudo
633 1087 873 1130 Divinitatis
893 1089 1210 1145 corporaliter2.
1235 1109 1251 1130 >2

83 1156 214 1200 XLII.
252 1157 434 1199 Omnem
451 1157 564 1198 enim
580 1156 664 1198 vim
682 1171 940 1199 venenorum
962 1171 1135 1199 suorum
1159 1158 1200 1200 in
1223 1158 1378 1201 dialec·

28 1226 108 1268 tica
140 1227 419 1284 disputatione
448 1227 730 1276 constituunt,
768 1242 859 1283 quae
893 1227 1244 1284 philosophorum
1281 1245 1377 1271 sen-

27 1296 156 1338 tentia
186 1295 385 1348 definitur
413 1311 498 1338 non
529 1296 740 1339 astruendi
769 1297 852 1338 vim
875 1296 1058 1347 habere,
1089 1298 1163 1339 sed
1190 1298 1376 1340 studium

28 1365 281 1408 destruendi.
309 1366 393 1408 Sed
416 1381 499 1408 non
522 1367 561 1408 in
584 1366 803 1408 dialectica
828 1366 1084 1423 complacuit
1103 1367 1192 1408 Deo
1216 1368 1374 1409 salvum

26 1434 162 1477 facere
178 1438 380 1494 populum
403 1451 526 1479 suum
549 1452 557 1478 :
575 1454 590 1475 «
605 1437 796 1494 Regnum
814 1437 926 1479 enim
944 1437 1020 1479 Dei
1044 1437 1086 1479 in
1104 1437 1375 1494 simplicitate

27 1504 151 1548 »fidei
174 1515 257 1555 est,
283 1522 367 1549 non
392 1508 432 1549 in
456 1507 725 1550 contentione
748 1506 994 1550 sermonis³.
1021 1526 1036 1546 »

23 1676 80 1686 zzz
88 1676 131 1685 ων
137 1676 255 1687 vunnu
261 1677 318 1687 -ιικ
324 1676 379 1687 §.m
384 1676 505 1687 *uwnssn
511 1677 567 1687 m*
573 1678 693 1688 mxx-zzz
698 1678 880 1689 ”zzz-§21⁴1
885 1678 942 1688 mxx
948 1678 1001 1688 ss·-
1009 1677 1315 1689 mmwuww
1323 1679 1380 1688 ns

551 1811 727 1853 CAPUT
762 1811 827 1853 VI.

29 1955 253 1998 Christum
287 1956 415 1997 Patri·
446 1957 706 1998 dissimilem
735 1972 824 1998 non
847 1972 931 1997 esse
957 1956 1247 2012 probaturus,
1286 1971 1375 1998 me-

82 2025 267 2067 moratis
307 2025 613 2067 celebrioribus
647 2025 955 2067 Arrianorum
991 2026 1194 2074 ducibus,
1240 2042 1376 2081 quam

82 2096 197 2135 male
218 2096 336 2135 inter
356 2110 422 2136 eos
444 2096 692 2143 conveniat,
716 2096 875 2150 aperit,
898 2105 1026 2151 alque
1056 2097 1264 2139 adversus
1291 2112 1372 2146 eos,

85 2172 297 2217 tanquam
318 2164 366 2203 in
384 2174 579 2206 monstra
597 2165 816 2219 quoedam,
836 2166 1099 2221 praesidium
1120 2167 1378 2221 Scriptura-

82 2246 184 2272 rum
206 2232 404 2274 ostendit.

79 2376 231 2419 XLIII.
267 2378 507 2422 DlsslMILEM
539 2380 664 2436 igitur
697 2380 847 2423 dicunt
884 2397 1007 2424 esse:
1033 2395 1105 2423 nos
1140 2396 1367 2438 negamus;

25 2447 108 2488 imo
136 2447 272 2504 potius
301 2447 519 2491 horremus
549 2450 658 2493 hanc
688 2465 850 2494 vocem.
883 2452 967 2495 Sed
995 2454 1091 2495 nolo
1123 2461 1370 2509 argumento

25 2517 185 2565 credas,
212 2524 356 2559 sancte
379 2518 622 2576 imperator,
654 2529 694 2563 et
718 2530 868 2564 nostrae
892 2521 1160 2579 disputationi
1191 2537 1199 2562 τ
1227 2522 1369 2579 Scrip-

73 2610 78 2621 ¹
102 2608 196 2640 Joan.
215 2620 246 2648 x,
261 2610 310 2642 30.
333 2628 371 2658 —5
391 2620 402 2634 ¹
418 2610 542 2643 coloss.
559 2621 595 2650 ιι,
612 2612 685 2655 8,9.
706 2632 742 2638 -
761 2616 774 2638 ³
795 2625 805 2645 1
823 2615 900 2647 Cor.
922 2625 964 2649 iv.
986 2625 1035 2647 πο.
