1768 3283
395 255 446 281 1)ss
480 253 640 281 spnu'ru
673 234 850 284 smero,
887 254 964 280 Lm.
1004 255 1045 280 11.
1323 244 1403 286 335

67 331 315 374 »consilium
338 330 413 371 Dei
438 338 684 387 spreverunt
713 330 751 370 in
776 344 839 377 se,
865 344 948 369 non
974 330 1167 386 baptizati
1197 334 1246 373 ab
1269 335 1364 382 co¹;
1381 353 1395 373 ι)

63 401 221 455 liquido
245 401 401 447 claret,
427 414 522 440 cum
546 400 634 440 sine
656 397 813 454 Spiritu
834 398 1036 454 baptisma
1054 414 1241 441 essenon
1262 403 1404 457 possit,

64 470 152 510 sine
174 469 328 524 Spiritu
351 484 515 524 quoque
540 483 621 509 non
645 483 733 509 esse
755 467 975 508 consilium
999 469 1087 510 Dei.

120 538 259 580 XXII.
298 538 350 582 Et
375 547 419 578 ut
447 539 626 578 sciamus
652 537 813 594 plenius
838 538 1032 579 virtutem
1058 553 1147 579 esse
1179 540 1403 595 Spiritum,

64 607 168 649 scire
198 607 398 648 debemus
424 608 556 663 ipsuui
588 622 677 647 esse
699 607 947 662 promissum
964 640 973 654 ,
999 609 1165 662 quando
1202 609 1303 649 dixit
1326 610 1385 649 Uo

64 678 235 719 minus:
267 677 518 718 oEII'undain
551 678 602 717 de
636 676 794 732 Spiritu
828 692 921 717 nico
959 693 1084 733 super
1119 693 1284 719 omnem
1318 694 1407 719 cat·-

63 767 77 787 n
92 763 185 789 nem
200 747 229 789 ².
249 767 263 785 »
278 748 352 788 Ille
368 762 466 802 ergo
482 746 551 802 qui
572 747 802 803 promissus
818 756 878 788 est
897 748 1033 794 nobis,
1059 748 1143 804 ipso
1169 757 1232 789 est
1251 749 1402 796 virtu53

63 819 168 860 sicut
187 817 311 858 etiam
333 818 371 857 in
384 816 608 872 Evangelio
623 817 732 874 idem
756 816 831 856 Dei
852 816 977 857 Filius
997 818 1222 859 declaravit
1241 819 1405 859 dicens:

73 887 146 928 «Et
167 902 242 943 ego
266 886 386 927 mitto
414 886 615 942 promissa
636 885 768 927 Patris
791 885 873 926 mei
899 886 937 926 in
966 901 1036 927 vos
1053 919 1063 935 ‚
1089 901 1159 928 vos
1186 896 1323 928 autem
1348 903 1411 928 se·

61 957 184 997 »dete
206 956 246 996 in
270 955 437 997 civitate
453 987 462 1003 ,
488 971 706 1011 quousque
732 955 962 996 induamini
992 956 1142 997 virtute
1171 972 1221 997 ex
1240 956 1361 998 alt03.
1382 975 1397 995 n

116 1026 276 1067 XXIII.
316 1026 510 1081 Eousque
543 1034 682 1066 autem
706 1025 900 1066 virtutem
926 1040 1014 1066 esse
1052 1025 1255 1082 Spiritum
1290 1041 1408 1067 sanc-

61 1103 149 1137 tum
173 1096 432 1151 Evangelista
455 1094 659 1151 siguificat
675 1127 685 1142 ,
708 1102 751 1135 ut
771 1103 925 1136 etcum
950 1096 986 1135 vi
1006 1110 1269 1152 magnacum
1293 1111 1409 1137 sanc-

61 1173 125 1206 tus
139 1164 273 1206 Lucas
298 1165 563 1207 descendisse
586 1172 866 1212 memoraret,
887 1164 1029 1205 dicens
1055 1165 1159 1206 :fflt
1191 1164 1324 1206 sactus
1347 1173 1409 1206 est

60 1233 226 1274 »subito
251 1234 302 1274 de
328 1235 435 1275 coelo
454 1249 579 1274 sonus
595 1265 604 1281 ,
628 1241 823 1288 tanquam
849 1233 886 1274 vi
906 1248 1053 1290 magna
1077 1233 1256 1290 Spiritus
1279 1234 1409 1275 serre-

59 1323 74 1344 »
91 1302 198 1346 tur⁴.
216 1322 231 1341 »
1122 1326 1137 1335 ·

116 1372 272 1416 XXIV.
314 1372 397 1414 Sed
419 1388 472 1414 ne
494 1388 636 1414 rursus
659 1381 782 1429 putes
804 1373 855 1413 ad
876 1372 1081 1413 sensibilia
1106 1381 1145 1414 et
1173 1375 1405 1430 corporalia

59 1443 138 1486 hoc
155 1459 245 1485 csse
261 1445 531 1491 vertendum,
561 1443 701 1499 accipe
720 1443 814 1498 quia
835 1443 893 1484 sic
916 1444 1132 1484 descendit
1151 1452 1190 1484 et
1209 1444 1404 1500 Spiritus,

9 1530 16 1534 ·
59 1514 417 1569 quomadmodum
453 1513 731 1553 descensurus
769 1520 830 1552 est
867 1512 1071 1553 Christus.
1110 1513 1214 1555 Nam
1249 1522 1290 1555 ot
1319 1514 1406 1569 ipse

60 1597 157 1624 cum
192 1582 346 1624 virtute
380 1584 629 1629 descendet,
661 1582 770 1623 sicut
796 1582 922 1622 hahes
949 1597 988 1622 :s
1008 1581 1220 1623 Videbunt
1252 1583 1406 1624 Filium

59 1651 268 1693 »hominis
294 1651 528 1693 venientem
552 1652 593 1693 in
622 1652 806 1693 nubibus
830 1651 947 1698 coeli,
980 1652 1020 1692 in
1045 1651 1198 1693 virtute
1222 1653 1401 1693 maxima

59 1729 129 1762 net
151 1721 410 1776 majestate⁵.
431 1739 444 1759 »

116 1790 251 1833 XXV.
288 1791 513 1841 Quomodo
535 1791 648 1832 enim
671 1805 754 1832 non
777 1799 838 1832 est
855 1806 936 1832 una
961 1791 1092 1832 virtus
1116 1800 1240 1848 atque
1258 1794 1404 1835 eadem

65 1868 276 1917 potestas3
301 1876 398 1902 cum
419 1876 549 1901 unum
573 1876 697 1917 opus,
728 1876 857 1901 unuin
879 1860 1114 1916 judiciuin,
1141 1877 1270 1902 unuin
1301 1871 1406 1903 tein-

68 1931 212 1986 plum,
255 1945 335 1972 una
366 1930 614 1978 vivificatio,
657 1946 737 1970 una
772 1929 1048 1971 sanctificatio
1071 1963 1081 1978 ‚
1121 1947 1252 1972 unum
1286 1933 1411 1973 etiam

69 2014 242 2056 regnum
263 2000 314 2042 sit
328 2000 460 2042 Patris
480 2009 522 2041 et
541 2000 635 2041 Filii
658 2008 698 2041 et
721 2000 900 2056 Spiritus
925 1999 1084 2041 sancti?

116 2111 124 2124 ¹
147 2102 223 2134 Luc.
241 2113 296 2138 vil,
314 2103 366 2134 50.
381 2121 422 2126 -
441 2112 452 2126 ²
473 2090 560 2134 Joel.
580 2114 616 2141 ιι,
635 2102 686 2135 28.
702 2120 737 2126 —
767 2102 781 2124 3
812 2102 887 2133 Luc.
907 2101 1063 2143 xx1V,ci9.
1085 2119 1124 2125 —-
1143 2103 1154 2129 4
1175 2102 1244 2135 Act.
1266 2113 1302 2140 11,
1323 2114 1352 2133 2.
1376 2120 1414 2126 -

73 2157 86 2178 ⁵
102 2156 220 2190 Manli.
236 2167 326 2195 xxiv,
343 2157 394 2188 50.
